3400 5212
856 547 897 611 60

292 737 378 822 apud
412 735 542 800 Boeckh
576 735 651 814 (vel.
687 737 717 818 3,
752 756 781 820 p.
816 736 891 818 409,
925 756 956 799 n.
991 735 1089 818 4866,
1125 737 1156 814 2)
1190 736 1325 819 legitur:
1351 735 1464 815 ἀπέχω

293 847 411 930 πνιρά
446 851 498 911 τοῦ
522 848 556 912 τὸ
580 845 701 928 ένορμιν.
1279 843 1282 850 ’

335 961 428 1047 Diog.
450 961 553 1027 Laerta
580 961 666 1044 (VII.
691 963 709 1045 §
735 961 827 1041 100):
853 961 947 1026 κνιλὸν
970 961 1002 1025 δὲ
1025 959 1146 1038 λέγοντι
1168 961 1202 1025 τὸ
1214 961 1328 1026 τέλειον
1340 961 1463 1040 ἀχειέάν,

293 1077 377 1158 πωρά
412 1078 445 1142 τὸ
481 1074 601 1148 πάντνις
632 1073 766 1154 ἀπέχειν
797 1073 867 1146 τοὺς
890 1072 1142 1154 ἐπιζητουμένους
1165 1074 1306 1154 ἀριθμοὺς
1330 1075 1385 1139 ὑπὸ
1409 1084 1464 1149 τῆς

293 1191 421 1272 Φύσεως,
457 1189 473 1264 ἢ
509 1190 542 1254 τὸ
578 1188 701 1262 τελείως
733 1187 913 1268 σύμμετρον.
939 1187 1095 1273 Origenes
1118 1188 1191 1268 (vol.
1216 1190 1236 1252 3
1260 1210 1289 1273 p.
1314 1190 1376 1253 501
1402 1192 1463 1272 Aj:

294 1415 420 1498 Φάπκων
442 1415 577 1495 ἀπέχειν
600 1413 728 1480 ἀπωντιι
755 1415 826 1497 παρ’
851 1417 956 1480 ιιάτῶν.

312 1530 510 1619 Ι0001001ιο
546 1531 624 1596 haec
658 1532 817 1615 exempla,
851 1533 911 1595 etsi
947 1531 1041 1616 plura
1075 1535 1201 1614 praesto
1232 1537 1309 1596 sunt
1334 1536 1371 1595 ut
1393 1532 1464 1595 loco

293 1643 417 1710 Dionen
450 1645 583 1710 eandem
607 1643 874 1728 significationem
898 1645 1097 1709 tribuamus:
1123 1643 1239 1709 Omnia
1262 1666 1281 1709 a
1304 1664 1355 1710 me
1379 1647 1465 1710 nacti

293 1760 370 1824 estis
393 1760 463 1824 sive
487 1760 663 1843 accepistis.
688 1757 802 1842 Itaque
826 1756 957 1823 Cassius
982 1777 1112 1843 queque
1131 1758 1243 1838 ἀπέχω
1261 1760 1308 1822 ita
1318 1757 1465 1822 adhibuit

293 1878 330 1937 ut
364 1871 642 1950 ἀποτετελεσμένον
665 1870 699 1935 τὸ
723 1869 807 1951 έχειν
830 1870 894 1951 ἔχω
918 1872 1086 1957 significet,
1111 1874 1138 1937 si
1163 1873 1294 1956 quidem
1317 1879 1403 1937 recte
1426 1873 1465 1937 de

293 1986 352 2049 hac
382 2003 418 2049 re
445 1985 598 2050 disseruit
620 1983 769 2049 Blassius
792 1984 856 2066 (Gr.
881 1985 910 2048 d.
933 1983 972 2049 N.
995 1985 1027 2048 Τ.
1050 2006 1121 2070 pag.
1149 1987 1226 2049 192:
1253 1985 1465 2050 Perfectische

293 2098 487 2183 Bedeutung
510 2099 565 2163 nat
590 2097 797 2163 bekanntlich
820 2097 933 2177 ἀπέχω
956 2099 1009 2163 fiir
1032 2098 1220 2179 ἀπείληφεν).

337 2211 450 2297 Nuper
484 2211 613 2296 quidem
649 2210 775 2276 Blaesio
811 2195 981 2277 oblocutus
1015 2211 1194 2277 Thumbius
1224 2214 1258 2276 in
1282 2211 1465 2277 Annalibus

296 2325 416 2411 quibus
439 2344 555 2390 nomen
584 2323 696 2407 „Neue
715 2325 825 2389 Jahrb.
847 2327 943 2408 1006,
963 2332 1015 2390 488
1031 2326 1130 2391 Heft’'
1149 2347 1218 2411 pag.
1240 2328 1304 2389 255
1319 2328 1463 2411 scripsit:

341 2439 524 2521 „Wihrend
547 2441 580 2502 in
605 2440 666 2504 den
691 2439 916 2505 Gleichnissen
940 2441 995 2505 der
1019 2438 1295 2524 Homer-Sprache
1318 2441 1375 2505 der
1396 2459 1463 2524 seg.

293 2554 370 2617 Aer.
392 2573 499 2637 gnom.
524 2553 606 2617 dazu
629 2553 796 2619 herhalten
819 2574 918 2636 muse,
941 2553 1028 2617 kann
1053 2556 1096 2618 im
1121 2552 1161 2618 N.
1183 2553 1215 2616 Τ.
1237 2553 1293 2618 dae
1307 2555 1364 2618 mit
1376 2554 1466 2619 einer

294 2668 441 2752 Praepos.
483 2674 812 2752 zusammengesetzte
853 2668 1011 2734 Praesens
1056 2669 1145 2748 (oder
1180 2667 1318 2752 Imperi.)
1355 2669 1463 2733 diesen

295 2780 409 2847 Zweck
432 2781 575 2846 erfiillen.
600 2780 657 2844 Ich
680 2781 780 2866 greife
802 2783 860 2847 das
883 2782 1148 2867 merkwiirdigste
1168 2782 1309 2868 Beiapiel
1329 2783 1463 2848 heraus:

294 2894 404 2960 Matth.
439 2896 475 2959 6:
512 2897 541 2978 2,
573 2896 603 2978 5,
636 2895 694 2975 163
719 2894 872 2975 ἀπέχουσι
896 2898 938 2961 ist
962 2899 1067 2962 seiner
1089 2896 1277 2961 Aktionsart
1301 2898 1383 2960 nach
1408 2900 1466 2962 mit

295 3010 398 3073 einem
422 3005 534 3086 έλιιβνν
557 3009 635 3074 eder
659 3006 750 3089 έσχνν
772 3011 941 3094 identisch,
965 3011 995 3074 d.
1019 3011 1047 3074 h.
1071 3030 1105 3075 es
1130 3012 1172 3075 ist
1191 3012 1244 3074 ein
1265 3011 1463 3094 Acristprae·

295 3142 379 3206 sens,
414 3123 470 3188 das
505 3123 556 3188 die
591 3143 633 3188 zu
658 3123 768 3201 λνβεῖν
792 3125 869 3189 oder
891 3131 978 3203 σχεῖν
1000 3125 1151 3209 geherige
1175 3124 1465 3209 Gegenwarteform

295 3238 489 3303 bezeichnet.
524 3237 599 3302 Und
633 3238 685 3301 ich
709 3239 837 3302 erinure
860 3258 933 3302 zum
959 3237 1092 3302 Schluss
1118 3239 1235 3303 wieder
1259 3238 1368 3320 daran,
1392 3240 1465 3304 dass

295 3352 378 3416 auch
413 3352 483 3416 hier
514 3351 566 3415 die
589 3349 727 3434 Sprache
750 3351 807 3416 der
830 3351 949 3435 Papyri
973 3351 1045 3415 dem
1070 3351 1282 3416 Verstiindnis
1307 3352 1363 3417 der
1385 3371 1466 3417 neu-

295 3465 573 3531 testamentlichen
608 3463 703 3529 Fcrm
739 3485 781 3529 zu
814 3463 902 3529 Hilfe
936 3465 1069 3548 kommt‚
1092 3466 1176 3530 denn
1200 3467 1233 3530 in
1259 3466 1320 3530 den
1346 3464 1466 3550 Papyri

296 3581 442 3666 quittiert
465 3599 538 3644 man
563 3581 621 3643 mit
643 3578 777 3659 ἀπέχειν
801 3580 863 3644 den
887 3579 1048 3664 Empfang
1071 3582 1160 3646 eines
1184 3579 1424 3664 Geldbetrags.'’

340 3694 403 3759 Sed
437 3714 569 3779 quoquo
605 3695 699 3758 modo
733 3713 784 3758 res
817 3713 851 3758 ee
884 3694 988 3777 habet,
1022 3696 1091 3758 sive
1125 3714 1201 3758 cum
1237 3694 1362 3759 Blassio
1398 3696 1466 3758 sive

295 3827 369 3872 cum
392 3806 548 3872 Thumbio
571 3807 718 3889 facimus,
742 3807 877 3871 verbum
900 3805 1032 3885 ἀπέχειν
1056 3807 1233 3892 accipiendi
1256 3827 1354 3873 sensu
1380 3808 1466 3872 hisce

296 3921 373 3985 locis
397 3922 575 4005 praeditum
599 3939 669 3984 esse
690 3898 770 3985 satis
794 3939 955 4004 superque
979 3925 1112 3984 constat.

340 4033 389 4100 De
411 4038 505 4100 tertia
529 4034 762 4119 significatione
787 4036 876 4099 verbi
901 4033 1036 4113 ἀπέχειν
1054 4034 1111 4097 vix
1124 4053 1206 4118 opus
1219 4041 1267 4099 est
1280 4054 1331 4099 me
1343 4036 1465 4115 dicere;

298 4147 515 4213 distendi
550 4151 635 4214 enim
663 4169 779 4215 sensus
804 4151 956 4215 omnibus
981 4153 1076 4213 notus
1099 4155 1164 4228 est3
1189 4151 1407 4234 selegimus,
1432 4155 1468 4214 ut

297 4282 400 4326 unum
424 4281 442 4326 e
466 4263 575 4327 multis
599 4262 730 4327 afferam
754 4264 948 4347 exemplum,
968 4262 1053 4346 apud
1064 4262 1283 4344 Thucydidem
1298 4266 1339 4348 (l,
1352 4265 1403 4346 63,
1418 4267 1465 4345 2):

297 4373 416 4453 ἀπεῖχε
439 4374 471 4437 δὲ
494 4371 636 4450 έξάκνντνι
660 4374 804 4454 μάλιστνι
827 4373 974 4448 ντνιδέννς.

342 4487 452 4554 Verba
480 4490 699 4554 sumendi
733 4510 799 4554 non
834 4493 879 4555 itu
913 4489 1014 4554 multe
1046 4489 1132 4573 apud
1163 4488 1310 4554 Cassium
1329 4489 1466 4556 Dionem
