<?xml version="1.0" encoding="UTF-8"?>
<!DOCTYPE html PUBLIC "-//W3C//DTD XHTML 1.0 Transitional//EN"
    "http://www.w3.org/TR/xhtml1/DTD/xhtml1-transitional.dtd">
<html xmlns="http://www.w3.org/1999/xhtml" xml:lang="en" lang="en">
 <head>
  <title>
</title>
<meta http-equiv="Content-Type" content="text/html;charset=utf-8" />
  <meta name='ocr-system' content='tesseract 3.04.00' />
  <meta name='ocr-capabilities' content='ocr_page ocr_carea ocr_par ocr_line ocrx_word'/>
</head>
<body>
  <div class='ocr_page' id='page_1' title='image "./depraepositioni00nawigoog_0145.png"; bbox 0 0 3378 5212; ppageno 0'>
   <div class='ocr_carea' id='block_1_1' title="bbox 842 513 905 576">
    <p class='ocr_par' dir='ltr' id='par_1_1' title="bbox 842 513 905 576">
     <span class='ocr_line' id='line_1_1' title="bbox 842 513 905 576; baseline -0.016 0"><span class='ocrx_word' id='word_1_1' title='bbox 842 513 905 576; x_wconf 92' lang='grc'>136</span> 
     </span>
    </p>
   </div>
   <div class='ocr_carea' id='block_1_2' title="bbox 287 691 1460 1015">
    <p class='ocr_par' dir='ltr' id='par_1_2' title="bbox 287 691 1460 1015">
     <span class='ocr_line' id='line_1_2' title="bbox 288 691 1460 782; baseline -0.004 -18"><span class='ocrx_word' id='word_1_2' title='bbox 288 699 496 782; x_wconf 68' lang='grc' dir='ltr'><em>ὑπερηφανίας</em></span> <span class='ocrx_word' id='word_1_3' title='bbox 529 723 563 764; x_wconf 92' lang='grc' dir='ltr'>π.</span> <span class='ocrx_word' id='word_1_4' title='bbox 600 699 654 771; x_wconf 77' lang='grc' dir='ltr'>την</span> <span class='ocrx_word' id='word_1_5' title='bbox 689 698 794 764; x_wconf 88' lang='grc' dir='ltr'><em>πενίαν</em></span> <span class='ocrx_word' id='word_1_6' title='bbox 827 697 881 763; x_wconf 81' lang='grc' dir='ltr'>καί</span> <span class='ocrx_word' id='word_1_7' title='bbox 910 697 1033 779; x_wconf 82' lang='grc' dir='ltr'><em>ἐρημίαν</em></span> <span class='ocrx_word' id='word_1_8' title='bbox 1057 698 1167 764; x_wconf 77' lang='grc' dir='ltr'><em>καὶτὸ</em></span> <span class='ocrx_word' id='word_1_9' title='bbox 1191 703 1248 764; x_wconf 89' lang='grc' dir='ltr'>τῶν</span> <span class='ocrx_word' id='word_1_10' title='bbox 1272 702 1394 764; x_wconf 77' lang='grc' dir='ltr'><em>πολλῶν</em></span> <span class='ocrx_word' id='word_1_11' title='bbox 1418 691 1460 768; x_wconf 75' lang='grc' dir='ltr'><em>εἷς</em></span> 
     </span>
     <span class='ocr_line' id='line_1_3' title="bbox 287 811 1459 898; baseline -0.005 -19"><span class='ocrx_word' id='word_1_12' title='bbox 287 811 360 880; x_wconf 78' lang='grc' dir='ltr'><em>εἶναι</em></span> <span class='ocrx_word' id='word_1_13' title='bbox 385 817 454 898; x_wconf 83' lang='lat' dir='ltr'>(qui</span> <span class='ocrx_word' id='word_1_14' title='bbox 478 815 569 879; x_wconf 90' lang='lat' dir='ltr'>locus</span> <span class='ocrx_word' id='word_1_15' title='bbox 592 814 743 878; x_wconf 85' lang='lat' dir='ltr'>laudatur</span> <span class='ocrx_word' id='word_1_16' title='bbox 765 835 784 879; x_wconf 89' lang='lat' dir='ltr'>a</span> <span class='ocrx_word' id='word_1_17' title='bbox 802 815 1011 898; x_wconf 85' lang='lat' dir='ltr'>grammatico</span> <span class='ocrx_word' id='word_1_18' title='bbox 1024 815 1164 898; x_wconf 86' lang='lat' dir='ltr'>quodam</span> <span class='ocrx_word' id='word_1_19' title='bbox 1176 816 1209 877; x_wconf 94' lang='lat' dir='ltr'>in</span> <span class='ocrx_word' id='word_1_20' title='bbox 1224 814 1323 879; x_wconf 82' lang='lat' dir='ltr'>Beklr.</span> <span class='ocrx_word' id='word_1_21' title='bbox 1338 811 1459 876; x_wconf 80' lang='lat' dir='ltr'>Aneod.</span> 
     </span>
     <span class='ocr_line' id='line_1_4' title="bbox 289 924 1458 1015; baseline -0.003 -21"><span class='ocrx_word' id='word_1_22' title='bbox 289 932 319 1015; x_wconf 92' lang='lat'>1,</span> <span class='ocrx_word' id='word_1_23' title='bbox 357 929 419 994; x_wconf 97' lang='grc'>163</span> <span class='ocrx_word' id='word_1_24' title='bbox 455 926 548 1010; x_wconf 82' lang='grc' dir='ltr'><em>παρῶ·</em></span> <span class='ocrx_word' id='word_1_25' title='bbox 584 928 651 993; x_wconf 84' lang='grc' dir='ltr'><em>νίντί</em></span> <span class='ocrx_word' id='word_1_26' title='bbox 686 935 741 1002; x_wconf 75' lang='grc' dir='ltr'>τῆς</span> <span class='ocrx_word' id='word_1_27' title='bbox 775 924 835 992; x_wconf 77' lang='grc' dir='ltr'><em>δαί·</em></span> <span class='ocrx_word' id='word_1_28' title='bbox 872 927 905 991; x_wconf 81' lang='grc' dir='ltr'><em>εἰς</em></span> <span class='ocrx_word' id='word_1_29' title='bbox 938 931 991 991; x_wconf 81' lang='grc' dir='ltr'>τοῦ</span> <span class='ocrx_word' id='word_1_30' title='bbox 1014 927 1097 992; x_wconf 73' lang='grc' dir='ltr'><em>κατὰ</em></span> <span class='ocrx_word' id='word_1_31' title='bbox 1119 926 1254 992; x_wconf 74' lang='grc' dir='ltr'><em>Μειδίου·</em></span> <span class='ocrx_word' id='word_1_32' title='bbox 1279 925 1458 992; x_wconf 73' lang='grc' dir='ltr'><em>καὶταῦτα</em></span> 
     </span>
    </p>
   </div>
   <div class='ocr_carea' id='block_1_3' title="bbox 286 1042 1460 4539">
    <p class='ocr_par' dir='ltr' id='par_1_3' title="bbox 288 1042 546 1127">
     <span class='ocr_line' id='line_1_5' title="bbox 288 1042 546 1127; baseline 0 -20"><span class='ocrx_word' id='word_1_33' title='bbox 288 1042 431 1107; x_wconf 82' lang='grc' dir='ltr'><em>πίπονίεν</em></span> <span class='ocrx_word' id='word_1_34' title='bbox 454 1047 546 1127; x_wconf 87' lang='lat' dir='ltr'>sqq.).</span> 
     </span>
    </p>

    <p class='ocr_par' dir='ltr' id='par_1_4' title="bbox 287 1152 1460 3172">
     <span class='ocr_line' id='line_1_6' title="bbox 333 1152 1458 1242; baseline -0.003 -21"><span class='ocrx_word' id='word_1_35' title='bbox 333 1157 441 1222; x_wconf 91' lang='lat' dir='ltr'>Unum</span> <span class='ocrx_word' id='word_1_36' title='bbox 465 1155 600 1240; x_wconf 81' lang='lat' dir='ltr'>praebet.</span> <span class='ocrx_word' id='word_1_37' title='bbox 618 1156 804 1239; x_wconf 83' lang='lat' dir='ltr'>exemplum</span> <span class='ocrx_word' id='word_1_38' title='bbox 827 1155 993 1239; x_wconf 82' lang='lat' dir='ltr'><strong>Antiphon</strong></span> <span class='ocrx_word' id='word_1_39' title='bbox 1017 1161 1098 1221; x_wconf 91' lang='lat' dir='ltr'>teste</span> <span class='ocrx_word' id='word_1_40' title='bbox 1117 1155 1188 1221; x_wconf 88' lang='lat' dir='ltr'>Rau</span> <span class='ocrx_word' id='word_1_41' title='bbox 1211 1153 1270 1242; x_wconf 89' lang='lat' dir='ltr'>(ll.</span> <span class='ocrx_word' id='word_1_42' title='bbox 1291 1176 1360 1240; x_wconf 83' lang='lat' dir='ltr'>pag.</span> <span class='ocrx_word' id='word_1_43' title='bbox 1381 1152 1458 1241; x_wconf 86' lang='grc'><strong>83);</strong></span> 
     </span>
     <span class='ocr_line' id='line_1_7' title="bbox 287 1265 1459 1358; baseline -0.003 -23"><span class='ocrx_word' id='word_1_44' title='bbox 287 1269 415 1358; x_wconf 78' lang='lat' dir='ltr'>(Petrai.</span> <span class='ocrx_word' id='word_1_45' title='bbox 440 1269 475 1334; x_wconf 91' lang='lat' dir='ltr'>B.</span> <span class='ocrx_word' id='word_1_46' title='bbox 500 1268 527 1332; x_wconf 72' lang='lat' dir='ltr'>i.</span> <span class='ocrx_word' id='word_1_47' title='bbox 552 1265 607 1354; x_wconf 82' lang='lat'>5):</span> <span class='ocrx_word' id='word_1_48' title='bbox 632 1267 645 1331; x_wconf 80' lang='grc' dir='ltr'><em>ὃ</em></span> <span class='ocrx_word' id='word_1_49' title='bbox 669 1273 745 1340; x_wconf 80' lang='grc' dir='ltr'><em>ταῖς</em></span> <span class='ocrx_word' id='word_1_50' title='bbox 768 1271 876 1349; x_wconf 81' lang='grc' dir='ltr'><em>σαφῶς</em></span> <span class='ocrx_word' id='word_1_51' title='bbox 899 1268 1043 1342; x_wconf 77' lang='grc' dir='ltr'><em>δηλοῦται</em></span> <span class='ocrx_word' id='word_1_52' title='bbox 1069 1292 1104 1332; x_wconf 93' lang='grc' dir='ltr'>π.</span> <span class='ocrx_word' id='word_1_53' title='bbox 1125 1267 1180 1341; x_wconf 78' lang='grc' dir='ltr'>την</span> <span class='ocrx_word' id='word_1_54' title='bbox 1199 1268 1459 1350; x_wconf 82' lang='grc' dir='ltr'><em>αὑτοῶοίμαρτίαν</em></span> 
     </span>
     <span class='ocr_line' id='line_1_8' title="bbox 289 1379 1459 1467; baseline -0.001 -19"><span class='ocrx_word' id='word_1_55' title='bbox 289 1382 504 1466; x_wconf 81' lang='grc' dir='ltr'><em>περισσοτέροις</em></span> <span class='ocrx_word' id='word_1_56' title='bbox 540 1381 701 1459; x_wconf 84' lang='grc' dir='ltr'><em>παίνίμοισι</em></span> <span class='ocrx_word' id='word_1_57' title='bbox 737 1384 794 1445; x_wconf 88' lang='grc' dir='ltr'>τῶν</span> <span class='ocrx_word' id='word_1_58' title='bbox 828 1379 1044 1463; x_wconf 84' lang='grc' dir='ltr'><em>οίτρεμιζίντοιν</em></span> <span class='ocrx_word' id='word_1_59' title='bbox 1077 1382 1243 1464; x_wconf 89' lang='grc' dir='ltr'><em>περιπεσῶν</em></span> <span class='ocrx_word' id='word_1_60' title='bbox 1267 1384 1339 1467; x_wconf 87' lang='lat' dir='ltr'>(ubi</span> <span class='ocrx_word' id='word_1_61' title='bbox 1363 1385 1459 1467; x_wconf 90' lang='lat' dir='ltr'>paulo</span> 
     </span>
     <span class='ocr_line' id='line_1_9' title="bbox 287 1493 1459 1581; baseline -0.002 -19"><span class='ocrx_word' id='word_1_62' title='bbox 287 1504 361 1562; x_wconf 82' lang='lat' dir='ltr'>ente</span> <span class='ocrx_word' id='word_1_63' title='bbox 395 1498 513 1580; x_wconf 86' lang='lat' dir='ltr'>legitur</span> <span class='ocrx_word' id='word_1_64' title='bbox 547 1493 620 1559; x_wconf 73' lang='grc' dir='ltr'>διὰ</span> <span class='ocrx_word' id='word_1_65' title='bbox 643 1493 697 1566; x_wconf 81' lang='grc' dir='ltr'>την</span> <span class='ocrx_word' id='word_1_66' title='bbox 719 1494 814 1559; x_wconf 80' lang='grc' dir='ltr'><em>αὑτοῦ</em></span> <span class='ocrx_word' id='word_1_67' title='bbox 837 1493 1010 1576; x_wconf 73' lang='grc' dir='ltr'><em>ἁμαρτίαν).</em></span> <span class='ocrx_word' id='word_1_68' title='bbox 1036 1495 1194 1561; x_wconf 88' lang='lat' dir='ltr'>Isocrates</span> <span class='ocrx_word' id='word_1_69' title='bbox 1218 1500 1347 1581; x_wconf 88' lang='lat' dir='ltr'>saepius</span> <span class='ocrx_word' id='word_1_70' title='bbox 1369 1514 1459 1580; x_wconf 89' lang='lat' dir='ltr'>prae·</span> 
     </span>
     <span class='ocr_line' id='line_1_10' title="bbox 287 1608 1459 1696; baseline -0.004 -18"><span class='ocrx_word' id='word_1_71' title='bbox 287 1613 476 1696; x_wconf 83' lang='lat' dir='ltr'><strong>positionem</strong></span> <span class='ocrx_word' id='word_1_72' title='bbox 501 1611 623 1675; x_wconf 88' lang='lat' dir='ltr'>causali</span> <span class='ocrx_word' id='word_1_73' title='bbox 647 1612 778 1675; x_wconf 85' lang='lat' dir='ltr'>notione</span> <span class='ocrx_word' id='word_1_74' title='bbox 800 1610 975 1694; x_wconf 79' lang='lat' dir='ltr'>praeditam</span> <span class='ocrx_word' id='word_1_75' title='bbox 999 1611 1183 1694; x_wconf 89' lang='lat' dir='ltr'>usurpavit:</span> <span class='ocrx_word' id='word_1_76' title='bbox 1196 1609 1241 1693; x_wconf 91' lang='grc'>(6,</span> <span class='ocrx_word' id='word_1_77' title='bbox 1254 1611 1309 1688; x_wconf 88' lang='grc'><strong>52)</strong></span> <span class='ocrx_word' id='word_1_78' title='bbox 1323 1631 1330 1673; x_wconf 91' lang='lat'>:</span> <span class='ocrx_word' id='word_1_79' title='bbox 1343 1608 1371 1673; x_wconf 88' lang='grc' dir='ltr'><em>εί</em></span> <span class='ocrx_word' id='word_1_80' title='bbox 1384 1659 1391 1673; x_wconf 94' lang='grc'><em>.</em></span> <span class='ocrx_word' id='word_1_81' title='bbox 1406 1655 1413 1670; x_wconf 83' lang='grc'><strong>,</strong></span> <span class='ocrx_word' id='word_1_82' title='bbox 1428 1657 1435 1672; x_wconf 96' lang='grc'><em>.</em></span> <span class='ocrx_word' id='word_1_83' title='bbox 1451 1659 1459 1673; x_wconf 94' lang='grc'><em>.</em></span> 
     </span>
     <span class='ocr_line' id='line_1_11' title="bbox 287 1721 1460 1804; baseline -0.003 -15"><span class='ocrx_word' id='word_1_84' title='bbox 287 1721 329 1798; x_wconf 83' lang='grc' dir='ltr'><em>είς</em></span> <span class='ocrx_word' id='word_1_85' title='bbox 363 1723 448 1804; x_wconf 83' lang='grc' dir='ltr'><em>μίνος</em></span> <span class='ocrx_word' id='word_1_86' title='bbox 462 1773 470 1787; x_wconf 91' lang='grc'><em>.</em></span> <span class='ocrx_word' id='word_1_87' title='bbox 572 1723 751 1802; x_wconf 71' lang='grc' dir='ltr'><em>βοηθήσειεν,</em></span> <span class='ocrx_word' id='word_1_88' title='bbox 787 1723 845 1787; x_wconf 75' lang='grc' dir='ltr'>ὑπὸ</span> <span class='ocrx_word' id='word_1_89' title='bbox 876 1722 997 1788; x_wconf 84' lang='grc' dir='ltr'><em>ποίντων</em></span> <span class='ocrx_word' id='word_1_90' title='bbox 1028 1721 1064 1788; x_wconf 83' lang='grc' dir='ltr'>ῶν</span> <span class='ocrx_word' id='word_1_91' title='bbox 1088 1725 1271 1802; x_wconf 75' lang='grc' dir='ltr'><em>ὡμολογεῖτο</em></span> <span class='ocrx_word' id='word_1_92' title='bbox 1296 1746 1331 1787; x_wconf 87' lang='grc' dir='ltr'>π.</span> <span class='ocrx_word' id='word_1_93' title='bbox 1355 1727 1460 1787; x_wconf 82' lang='grc' dir='ltr'><em>τοῦτον</em></span> 
     </span>
     <span class='ocr_line' id='line_1_12' title="bbox 287 1835 1458 1924; baseline -0.003 -22"><span class='ocrx_word' id='word_1_94' title='bbox 287 1836 422 1916; x_wconf 76' lang='grc' dir='ltr'><em>γενέσθαι</em></span> <span class='ocrx_word' id='word_1_95' title='bbox 446 1837 500 1909; x_wconf 76' lang='grc' dir='ltr'>την</span> <span class='ocrx_word' id='word_1_96' title='bbox 523 1835 667 1917; x_wconf 76' lang='grc' dir='ltr'><em>σωτηρίαν</em></span> <span class='ocrx_word' id='word_1_97' title='bbox 690 1837 805 1911; x_wconf 83' lang='grc' dir='ltr'><em>αὐτοῖς,</em></span> <span class='ocrx_word' id='word_1_98' title='bbox 836 1835 885 1924; x_wconf 89' lang='grc'>(8,</span> <span class='ocrx_word' id='word_1_99' title='bbox 909 1835 985 1923; x_wconf 75' lang='grc'><strong>48),</strong></span> <span class='ocrx_word' id='word_1_100' title='bbox 1012 1836 1284 1915; x_wconf 71' lang='grc' dir='ltr'><em>ὑπολαμβάνοντες</em></span> <span class='ocrx_word' id='word_1_101' title='bbox 1306 1837 1344 1910; x_wconf 90' lang='grc' dir='ltr'>ῶς</span> <span class='ocrx_word' id='word_1_102' title='bbox 1366 1837 1398 1902; x_wconf 79' lang='grc' dir='ltr'>οὐ</span> <span class='ocrx_word' id='word_1_103' title='bbox 1423 1859 1458 1900; x_wconf 92' lang='grc' dir='ltr'>π.</span> 
     </span>
     <span class='ocr_line' id='line_1_13' title="bbox 288 1947 1460 2031; baseline -0.002 -15"><span class='ocrx_word' id='word_1_104' title='bbox 288 1951 372 2016; x_wconf 74' lang='grc' dir='ltr'><em>τοῦτ’</em></span> <span class='ocrx_word' id='word_1_105' title='bbox 409 1950 500 2024; x_wconf 88' lang='grc' dir='ltr'><em>ε’στίν,</em></span> <span class='ocrx_word' id='word_1_106' title='bbox 536 1949 612 2015; x_wconf 76' lang='grc' dir='ltr'><em>ἀλλ’</em></span> <span class='ocrx_word' id='word_1_107' title='bbox 647 1952 686 2023; x_wconf 88' lang='grc' dir='ltr'>ῶς</span> <span class='ocrx_word' id='word_1_108' title='bbox 710 1950 781 2031; x_wconf 89' lang='grc' dir='ltr'><em>παρ’</em></span> <span class='ocrx_word' id='word_1_109' title='bbox 806 1947 933 2014; x_wconf 76' lang='grc' dir='ltr'><em>ἕκαστον</em></span> <span class='ocrx_word' id='word_1_110' title='bbox 956 1955 1013 2014; x_wconf 92' lang='grc' dir='ltr'>τῶν</span> <span class='ocrx_word' id='word_1_111' title='bbox 1037 1954 1130 2031; x_wconf 80' lang='grc' dir='ltr'><em>μερῶν</em></span> <span class='ocrx_word' id='word_1_112' title='bbox 1153 1949 1169 2025; x_wconf 72' lang='grc' dir='ltr'>ἢ</span> <span class='ocrx_word' id='word_1_113' title='bbox 1194 1954 1296 2024; x_wconf 84' lang='grc' dir='ltr'><em>καλῶς</em></span> <span class='ocrx_word' id='word_1_114' title='bbox 1319 1948 1335 2024; x_wconf 72' lang='grc' dir='ltr'>ἢ</span> <span class='ocrx_word' id='word_1_115' title='bbox 1362 1952 1460 2022; x_wconf 88' lang='grc' dir='ltr'><em>κακῶς</em></span> 
     </span>
     <span class='ocr_line' id='line_1_14' title="bbox 287 2059 1458 2150; baseline -0.003 -20"><span class='ocrx_word' id='word_1_116' title='bbox 287 2065 322 2130; x_wconf 79' lang='grc' dir='ltr'>τὸ</span> <span class='ocrx_word' id='word_1_117' title='bbox 356 2062 486 2142; x_wconf 82' lang='grc' dir='ltr'><em>σύμπαν</em></span> <span class='ocrx_word' id='word_1_118' title='bbox 516 2059 589 2138; x_wconf 77' lang='grc' dir='ltr'><strong>ἕξον,</strong></span> <span class='ocrx_word' id='word_1_119' title='bbox 621 2061 738 2150; x_wconf 80' lang='lat' dir='ltr'>(Epist.</span> <span class='ocrx_word' id='word_1_120' title='bbox 766 2065 797 2147; x_wconf 92' lang='grc'>9,</span> <span class='ocrx_word' id='word_1_121' title='bbox 823 2061 897 2150; x_wconf 72' lang='grc'><strong>15),</strong></span> <span class='ocrx_word' id='word_1_122' title='bbox 923 2060 1021 2144; x_wconf 88' lang='grc' dir='ltr'><em>ῶσπερ</em></span> <span class='ocrx_word' id='word_1_123' title='bbox 1044 2086 1078 2127; x_wconf 91' lang='grc' dir='ltr'>π.</span> <span class='ocrx_word' id='word_1_124' title='bbox 1105 2063 1174 2137; x_wconf 82' lang='grc' dir='ltr'><em>τοὺς</em></span> <span class='ocrx_word' id='word_1_125' title='bbox 1197 2063 1286 2144; x_wconf 82' lang='grc' dir='ltr'><em>ἐμοὺς</em></span> <span class='ocrx_word' id='word_1_126' title='bbox 1311 2062 1458 2142; x_wconf 75' lang='grc' dir='ltr'><em>λίνονςίρ</em></span> 
     </span>
     <span class='ocr_line' id='line_1_15' title="bbox 288 2173 1460 2263; baseline 0.001 -21"><span class='ocrx_word' id='word_1_127' title='bbox 288 2177 411 2256; x_wconf 84' lang='grc' dir='ltr'><em>βέλτιον</em></span> <span class='ocrx_word' id='word_1_128' title='bbox 446 2175 462 2250; x_wconf 74' lang='grc' dir='ltr'>ἢ</span> <span class='ocrx_word' id='word_1_129' title='bbox 500 2181 599 2256; x_wconf 77' lang='grc' dir='ltr'><em>χεῖρον</em></span> <span class='ocrx_word' id='word_1_130' title='bbox 633 2175 687 2250; x_wconf 77' lang='grc' dir='ltr'>την</span> <span class='ocrx_word' id='word_1_131' title='bbox 722 2173 865 2240; x_wconf 68' lang='lat' dir='ltr'>‘sardia</span> <span class='ocrx_word' id='word_1_132' title='bbox 897 2173 1079 2256; x_wconf 79' lang='grc' dir='ltr'><em>προίξουσαν.</em></span> <span class='ocrx_word' id='word_1_133' title='bbox 1103 2176 1296 2261; x_wconf 82' lang='lat' dir='ltr'>Saepissime</span> <span class='ocrx_word' id='word_1_134' title='bbox 1331 2197 1460 2263; x_wconf 86' lang='lat' dir='ltr'>quoque</span> 
     </span>
     <span class='ocr_line' id='line_1_16' title="bbox 287 2289 1459 2374; baseline 0 -18"><span class='ocrx_word' id='word_1_135' title='bbox 287 2292 485 2357; x_wconf 86' lang='lat' dir='ltr'>Aristotcles.</span> <span class='ocrx_word' id='word_1_136' title='bbox 527 2289 579 2354; x_wconf 75' lang='lat' dir='ltr'>nx</span> <span class='ocrx_word' id='word_1_137' title='bbox 616 2291 802 2354; x_wconf 87' lang='lat' dir='ltr'>recentioris</span> <span class='ocrx_word' id='word_1_138' title='bbox 837 2293 950 2354; x_wconf 84' lang='lat' dir='ltr'>aetatis</span> <span class='ocrx_word' id='word_1_139' title='bbox 985 2291 1195 2374; x_wconf 86' lang='lat' dir='ltr'>scriptoribus</span> <span class='ocrx_word' id='word_1_140' title='bbox 1231 2292 1327 2356; x_wconf 91' lang='lat' dir='ltr'>laudo</span> <span class='ocrx_word' id='word_1_141' title='bbox 1363 2292 1459 2374; x_wconf 93' lang='lat' dir='ltr'>Poly-</span> 
     </span>
     <span class='ocr_line' id='line_1_17' title="bbox 288 2402 1457 2488; baseline 0.002 -19"><span class='ocrx_word' id='word_1_142' title='bbox 288 2405 377 2469; x_wconf 88' lang='lat' dir='ltr'>bium</span> <span class='ocrx_word' id='word_1_143' title='bbox 414 2407 471 2488; x_wconf 92' lang='lat' dir='ltr'>qui</span> <span class='ocrx_word' id='word_1_144' title='bbox 506 2402 726 2488; x_wconf 88' lang='lat' dir='ltr'>compluribus</span> <span class='ocrx_word' id='word_1_145' title='bbox 762 2423 892 2487; x_wconf 92' lang='lat' dir='ltr'>qnoque</span> <span class='ocrx_word' id='word_1_146' title='bbox 927 2404 1005 2468; x_wconf 91' lang='lat' dir='ltr'>locis</span> <span class='ocrx_word' id='word_1_147' title='bbox 1036 2405 1076 2467; x_wconf 91' lang='lat' dir='ltr'>ad</span> <span class='ocrx_word' id='word_1_148' title='bbox 1100 2424 1231 2470; x_wconf 83' lang='lat' dir='ltr'>causam</span> <span class='ocrx_word' id='word_1_149' title='bbox 1255 2408 1457 2471; x_wconf 88' lang='lat' dir='ltr'>indicandam</span> 
     </span>
     <span class='ocr_line' id='line_1_18' title="bbox 287 2517 1458 2608; baseline 0.001 -25"><span class='ocrx_word' id='word_1_150' title='bbox 287 2521 554 2604; x_wconf 83' lang='lat' dir='ltr'>praepositionem</span> <span class='ocrx_word' id='word_1_151' title='bbox 581 2517 665 2598; x_wconf 76' lang='grc' dir='ltr'><em>παρὰ</em></span> <span class='ocrx_word' id='word_1_152' title='bbox 690 2537 763 2581; x_wconf 91' lang='lat' dir='ltr'>cum</span> <span class='ocrx_word' id='word_1_153' title='bbox 784 2519 967 2582; x_wconf 89' lang='lat' dir='ltr'>accusativo</span> <span class='ocrx_word' id='word_1_154' title='bbox 987 2518 1142 2601; x_wconf 81' lang='lat' dir='ltr'>adhibuit,</span> <span class='ocrx_word' id='word_1_155' title='bbox 1165 2539 1190 2585; x_wconf 87' lang='lat' dir='ltr'>c.</span> <span class='ocrx_word' id='word_1_156' title='bbox 1203 2541 1232 2605; x_wconf 89' lang='lat' dir='ltr'>g.</span> <span class='ocrx_word' id='word_1_157' title='bbox 1251 2518 1323 2607; x_wconf 86' lang='lat'>(18,</span> <span class='ocrx_word' id='word_1_158' title='bbox 1336 2520 1390 2604; x_wconf 94' lang='grc'>28,</span> <span class='ocrx_word' id='word_1_159' title='bbox 1404 2518 1458 2608; x_wconf 72' lang='grc'><strong>6),</strong></span> 
     </span>
     <span class='ocr_line' id='line_1_19' title="bbox 287 2629 1459 2709; baseline 0.002 -13"><span class='ocrx_word' id='word_1_160' title='bbox 287 2633 320 2696; x_wconf 82' lang='grc' dir='ltr'>οὐ</span> <span class='ocrx_word' id='word_1_161' title='bbox 362 2655 397 2696; x_wconf 91' lang='grc' dir='ltr'>π.</span> <span class='ocrx_word' id='word_1_162' title='bbox 441 2631 490 2696; x_wconf 77' lang='grc' dir='ltr'>τὸν</span> <span class='ocrx_word' id='word_1_163' title='bbox 524 2631 733 2709; x_wconf 65' lang='grc' dir='ltr'>καθοπλισμὸν</span> <span class='ocrx_word' id='word_1_164' title='bbox 767 2630 833 2695; x_wconf 77' lang='grc' dir='ltr'><em>οὐδὲ</em></span> <span class='ocrx_word' id='word_1_165' title='bbox 867 2653 900 2694; x_wconf 95' lang='grc' dir='ltr'>π.</span> <span class='ocrx_word' id='word_1_166' title='bbox 936 2631 990 2705; x_wconf 76' lang='grc' dir='ltr'>την</span> <span class='ocrx_word' id='word_1_167' title='bbox 1024 2629 1175 2708; x_wconf 79' lang='grc' dir='ltr'><em>σύνταξιν,</em></span> <span class='ocrx_word' id='word_1_168' title='bbox 1210 2633 1299 2699; x_wconf 77' lang='grc' dir='ltr'><em>οίλλίι</em></span> <span class='ocrx_word' id='word_1_169' title='bbox 1334 2657 1369 2698; x_wconf 94' lang='grc' dir='ltr'>π.</span> <span class='ocrx_word' id='word_1_170' title='bbox 1405 2633 1459 2706; x_wconf 75' lang='grc' dir='ltr'>την</span> 
     </span>
     <span class='ocr_line' id='line_1_20' title="bbox 287 2742 1459 2832; baseline 0.003 -22"><span class='ocrx_word' id='word_1_171' title='bbox 287 2743 502 2820; x_wconf 75' lang='grc' dir='ltr'><em>ἐπιδεξιότητα</em></span> <span class='ocrx_word' id='word_1_172' title='bbox 536 2743 590 2816; x_wconf 81' lang='grc' dir='ltr'>την</span> <span class='ocrx_word' id='word_1_173' title='bbox 612 2742 750 2822; x_wconf 80' lang='grc' dir='ltr'><em>Ἀννίβου</em></span> <span class='ocrx_word' id='word_1_174' title='bbox 773 2750 836 2817; x_wconf 79' lang='grc' dir='ltr'><em>τοῖς</em></span> <span class='ocrx_word' id='word_1_175' title='bbox 859 2744 1061 2823; x_wconf 83' lang='grc' dir='ltr'><em>ἐλαττώμασι</em></span> <span class='ocrx_word' id='word_1_176' title='bbox 1085 2744 1291 2826; x_wconf 79' lang='grc' dir='ltr'><em>περιπίπτειν,</em></span> <span class='ocrx_word' id='word_1_177' title='bbox 1316 2751 1357 2832; x_wconf 90' lang='grc'>(3,</span> <span class='ocrx_word' id='word_1_178' title='bbox 1385 2749 1459 2831; x_wconf 88' lang='grc'><strong>103,</strong></span> 
     </span>
     <span class='ocr_line' id='line_1_21' title="bbox 287 2858 1459 2940; baseline 0.002 -17"><span class='ocrx_word' id='word_1_179' title='bbox 287 2865 336 2940; x_wconf 82' lang='grc'>2),</span> <span class='ocrx_word' id='word_1_180' title='bbox 373 2860 415 2939; x_wconf 77' lang='grc' dir='ltr'>μη</span> <span class='ocrx_word' id='word_1_181' title='bbox 453 2884 488 2924; x_wconf 92' lang='grc' dir='ltr'>π.</span> <span class='ocrx_word' id='word_1_182' title='bbox 521 2859 575 2932; x_wconf 79' lang='grc' dir='ltr'>την</span> <span class='ocrx_word' id='word_1_183' title='bbox 604 2863 661 2923; x_wconf 86' lang='grc' dir='ltr'>τῶν</span> <span class='ocrx_word' id='word_1_184' title='bbox 697 2858 846 2937; x_wconf 77' lang='grc' dir='ltr'><em>δυνοίμεων</em></span> <span class='ocrx_word' id='word_1_185' title='bbox 877 2859 1096 2934; x_wconf 70' lang='grc' dir='ltr'><em>ἀποδειλίασιν,</em></span> <span class='ocrx_word' id='word_1_186' title='bbox 1132 2860 1222 2925; x_wconf 80' lang='grc' dir='ltr'><em>οίλλῶ</em></span> <span class='ocrx_word' id='word_1_187' title='bbox 1254 2885 1289 2925; x_wconf 92' lang='grc' dir='ltr'>π,</span> <span class='ocrx_word' id='word_1_188' title='bbox 1320 2860 1375 2932; x_wconf 79' lang='grc' dir='ltr'>την</span> <span class='ocrx_word' id='word_1_189' title='bbox 1406 2865 1459 2925; x_wconf 81' lang='grc' dir='ltr'>τοῦ</span> 
     </span>
     <span class='ocr_line' id='line_1_22' title="bbox 289 2961 1458 3059; baseline 0.002 -20"><span class='ocrx_word' id='word_1_190' title='bbox 289 2979 472 3056; x_wconf 81' lang='grc' dir='ltr'><em>προεστῶτος</em></span> <span class='ocrx_word' id='word_1_191' title='bbox 495 2971 660 3050; x_wconf 83' lang='grc' dir='ltr'><em>εὐλοίβειαν</em></span> <span class='ocrx_word' id='word_1_192' title='bbox 682 2971 846 3052; x_wconf 74' lang='grc' dir='ltr'><em>γεγονέναι,</em></span> <span class='ocrx_word' id='word_1_193' title='bbox 870 2973 908 3038; x_wconf 87' lang='lat' dir='ltr'>of.</span> <span class='ocrx_word' id='word_1_194' title='bbox 933 2961 1038 3058; x_wconf 80' lang='lat'>5,&#39;93‚</span> <span class='ocrx_word' id='word_1_195' title='bbox 1051 2976 1089 3056; x_wconf 89' lang='grc'>5,</span> <span class='ocrx_word' id='word_1_196' title='bbox 1115 2978 1146 3059; x_wconf 87' lang='grc'>9,</span> <span class='ocrx_word' id='word_1_197' title='bbox 1162 2977 1213 3059; x_wconf 94' lang='grc'>12,</span> <span class='ocrx_word' id='word_1_198' title='bbox 1226 2977 1264 3056; x_wconf 96' lang='grc'>4,</span> <span class='ocrx_word' id='word_1_199' title='bbox 1288 2977 1458 3059; x_wconf 79' lang='grc'><strong>10,12,7,</strong></span> 
     </span>
     <span class='ocr_line' id='line_1_23' title="bbox 290 3089 570 3172; baseline -0.007 -19"><span class='ocrx_word' id='word_1_200' title='bbox 290 3089 342 3172; x_wconf 95' lang='grc'>11,</span> <span class='ocrx_word' id='word_1_201' title='bbox 368 3089 418 3171; x_wconf 92' lang='grc'><strong>14,</strong></span> <span class='ocrx_word' id='word_1_202' title='bbox 444 3089 480 3168; x_wconf 93' lang='grc'>4,</span> <span class='ocrx_word' id='word_1_203' title='bbox 505 3106 570 3152; x_wconf 84' lang='lat' dir='ltr'>ea.</span> 
     </span>
    </p>

    <p class='ocr_par' dir='ltr' id='par_1_5' title="bbox 286 3193 1460 4539">
     <span class='ocr_line' id='line_1_24' title="bbox 332 3193 1460 3288; baseline 0.003 -23"><span class='ocrx_word' id='word_1_204' title='bbox 332 3202 413 3266; x_wconf 80' lang='lat' dir='ltr'>Cum</span> <span class='ocrx_word' id='word_1_205' title='bbox 457 3205 581 3267; x_wconf 90' lang='lat' dir='ltr'>neutris</span> <span class='ocrx_word' id='word_1_206' title='bbox 623 3206 871 3286; x_wconf 88' lang='lat' dir='ltr'>pronominum</span> <span class='ocrx_word' id='word_1_207' title='bbox 893 3205 1066 3268; x_wconf 87' lang='lat' dir='ltr'>coniuncta</span> <span class='ocrx_word' id='word_1_208' title='bbox 1099 3205 1285 3288; x_wconf 86' lang='lat' dir='ltr'>saepissime</span> <span class='ocrx_word' id='word_1_209' title='bbox 1320 3193 1460 3268; x_wconf 87' lang='lat' dir='ltr'>occurrit</span> 
     </span>
     <span class='ocr_line' id='line_1_25' title="bbox 287 3315 1460 3402; baseline 0.001 -22"><span class='ocrx_word' id='word_1_210' title='bbox 287 3317 479 3401; x_wconf 88' lang='lat' dir='ltr'>praepositio</span> <span class='ocrx_word' id='word_1_211' title='bbox 503 3315 585 3396; x_wconf 75' lang='grc' dir='ltr'><em>παρὰ</em></span> <span class='ocrx_word' id='word_1_212' title='bbox 608 3317 730 3380; x_wconf 86' lang='lat' dir='ltr'>causali</span> <span class='ocrx_word' id='word_1_213' title='bbox 755 3317 786 3379; x_wconf 82' lang='lat' dir='ltr'>vi</span> <span class='ocrx_word' id='word_1_214' title='bbox 810 3323 929 3380; x_wconf 67' lang='lat' dir='ltr'>ornata,</span> <span class='ocrx_word' id='word_1_215' title='bbox 953 3315 1006 3381; x_wconf 83' lang='lat' dir='ltr'>Sic</span> <span class='ocrx_word' id='word_1_216' title='bbox 1029 3337 1054 3380; x_wconf 88' lang='lat' dir='ltr'>e.</span> <span class='ocrx_word' id='word_1_217' title='bbox 1066 3339 1096 3401; x_wconf 84' lang='lat' dir='ltr'>g.</span> <span class='ocrx_word' id='word_1_218' title='bbox 1122 3340 1156 3380; x_wconf 91' lang='grc' dir='ltr'>π.</span> <span class='ocrx_word' id='word_1_219' title='bbox 1181 3321 1269 3381; x_wconf 80' lang='grc' dir='ltr'><em>τοῦτο</em></span> <span class='ocrx_word' id='word_1_220' title='bbox 1290 3323 1460 3402; x_wconf 87' lang='lat' dir='ltr'>propterea</span> 
     </span>
     <span class='ocr_line' id='line_1_26' title="bbox 287 3428 1457 3514; baseline 0.002 -21"><span class='ocrx_word' id='word_1_221' title='bbox 287 3429 382 3511; x_wconf 83' lang='lat' dir='ltr'>(Xon.</span> <span class='ocrx_word' id='word_1_222' title='bbox 415 3429 512 3514; x_wconf 91' lang='lat' dir='ltr'>Hipp.</span> <span class='ocrx_word' id='word_1_223' title='bbox 551 3431 580 3512; x_wconf 91' lang='lat'>1,</span> <span class='ocrx_word' id='word_1_224' title='bbox 605 3431 642 3510; x_wconf 96' lang='grc'>5,</span> <span class='ocrx_word' id='word_1_225' title='bbox 678 3429 757 3493; x_wconf 87' lang='lat' dir='ltr'>Plat.</span> <span class='ocrx_word' id='word_1_226' title='bbox 782 3451 809 3513; x_wconf 94' lang='lat' dir='ltr'>p.</span> <span class='ocrx_word' id='word_1_227' title='bbox 835 3431 898 3494; x_wconf 79' lang='grc'><strong>715</strong></span> <span class='ocrx_word' id='word_1_228' title='bbox 923 3428 968 3508; x_wconf 71' lang='lat' dir='ltr'>D,</span> <span class='ocrx_word' id='word_1_229' title='bbox 1006 3429 1094 3494; x_wconf 91' lang='lat' dir='ltr'>Dem.</span> <span class='ocrx_word' id='word_1_230' title='bbox 1119 3432 1173 3514; x_wconf 85' lang='lat'>24,</span> <span class='ocrx_word' id='word_1_231' title='bbox 1197 3433 1280 3511; x_wconf 90' lang='grc'><strong>214,</strong></span> <span class='ocrx_word' id='word_1_232' title='bbox 1318 3433 1372 3514; x_wconf 91' lang='grc'>21,</span> <span class='ocrx_word' id='word_1_233' title='bbox 1397 3432 1457 3511; x_wconf 92' lang='grc'>61,</span> 
     </span>
     <span class='ocr_line' id='line_1_27' title="bbox 287 3543 1456 3629; baseline 0.002 -21"><span class='ocrx_word' id='word_1_234' title='bbox 287 3545 401 3609; x_wconf 81' lang='lat' dir='ltr'>Aesch.</span> <span class='ocrx_word' id='word_1_235' title='bbox 437 3546 468 3627; x_wconf 91' lang='grc'>2,</span> <span class='ocrx_word' id='word_1_236' title='bbox 498 3544 558 3624; x_wconf 87' lang='grc'><strong>89,</strong></span> <span class='ocrx_word' id='word_1_237' title='bbox 584 3545 615 3626; x_wconf 88' lang='grc'><strong>3,</strong></span> <span class='ocrx_word' id='word_1_238' title='bbox 642 3545 722 3623; x_wconf 88' lang='grc'><strong>131,</strong></span> <span class='ocrx_word' id='word_1_239' title='bbox 748 3543 860 3625; x_wconf 88' lang='lat' dir='ltr'>Polyb.</span> <span class='ocrx_word' id='word_1_240' title='bbox 885 3545 916 3627; x_wconf 89' lang='lat'>3,</span> <span class='ocrx_word' id='word_1_241' title='bbox 945 3545 996 3628; x_wconf 92' lang='grc'>16,</span> <span class='ocrx_word' id='word_1_242' title='bbox 1020 3546 1058 3625; x_wconf 91' lang='grc'><strong>6,</strong></span> <span class='ocrx_word' id='word_1_243' title='bbox 1085 3547 1116 3627; x_wconf 92' lang='grc'><strong>9,</strong></span> <span class='ocrx_word' id='word_1_244' title='bbox 1143 3546 1195 3627; x_wconf 90' lang='grc'>13,</span> <span class='ocrx_word' id='word_1_245' title='bbox 1220 3546 1258 3625; x_wconf 86' lang='grc'>8,</span> <span class='ocrx_word' id='word_1_246' title='bbox 1284 3548 1315 3628; x_wconf 92' lang='grc'><strong>9,</strong></span> <span class='ocrx_word' id='word_1_247' title='bbox 1342 3547 1394 3629; x_wconf 93' lang='grc'>19,</span> <span class='ocrx_word' id='word_1_248' title='bbox 1418 3548 1456 3626; x_wconf 93' lang='grc'>2,</span> 
     </span>
     <span class='ocr_line' id='line_1_28' title="bbox 286 3657 1457 3741; baseline 0.001 -19"><span class='ocrx_word' id='word_1_249' title='bbox 286 3661 318 3722; x_wconf 92' lang='lat' dir='ltr'>in</span> <span class='ocrx_word' id='word_1_250' title='bbox 344 3657 436 3722; x_wconf 89' lang='lat' dir='ltr'>Novo</span> <span class='ocrx_word' id='word_1_251' title='bbox 459 3657 660 3722; x_wconf 85' lang='lat' dir='ltr'>Testamenta</span> <span class='ocrx_word' id='word_1_252' title='bbox 684 3661 717 3721; x_wconf 91' lang='lat' dir='ltr'>in</span> <span class='ocrx_word' id='word_1_253' title='bbox 742 3659 832 3740; x_wconf 87' lang='lat' dir='ltr'>epist.</span> <span class='ocrx_word' id='word_1_254' title='bbox 856 3658 872 3720; x_wconf 95' lang='lat' dir='ltr'>I</span> <span class='ocrx_word' id='word_1_255' title='bbox 897 3658 937 3722; x_wconf 82' lang='lat' dir='ltr'>ad</span> <span class='ocrx_word' id='word_1_256' title='bbox 962 3657 1032 3721; x_wconf 79' lang='lat' dir='ltr'>Gor.</span> <span class='ocrx_word' id='word_1_257' title='bbox 1059 3659 1110 3741; x_wconf 92' lang='grc'>12,</span> <span class='ocrx_word' id='word_1_258' title='bbox 1134 3660 1174 3723; x_wconf 84' lang='lat'>15</span> <span class='ocrx_word' id='word_1_259' title='bbox 1187 3666 1217 3723; x_wconf 91' lang='lat' dir='ltr'>et</span> <span class='ocrx_word' id='word_1_260' title='bbox 1232 3660 1289 3723; x_wconf 75' lang='grc'>16,</span> <span class='ocrx_word' id='word_1_261' title='bbox 1313 3659 1364 3723; x_wconf 77' lang='grc' dir='ltr'>ἐῶν</span> <span class='ocrx_word' id='word_1_262' title='bbox 1387 3657 1457 3740; x_wconf 83' lang='grc' dir='ltr'><em>είπη</em></span> 
     </span>
     <span class='ocr_line' id='line_1_29' title="bbox 286 3769 1459 3853; baseline 0.003 -18"><span class='ocrx_word' id='word_1_263' title='bbox 286 3771 299 3835; x_wconf 78' lang='lat' dir='ltr'>i</span> <span class='ocrx_word' id='word_1_264' title='bbox 336 3769 410 3844; x_wconf 86' lang='grc' dir='ltr'><em>ποιίς</em></span> <span class='ocrx_word' id='word_1_265' title='bbox 446 3769 522 3835; x_wconf 80' lang='grc' dir='ltr'>Ὅτι</span> <span class='ocrx_word' id='word_1_266' title='bbox 558 3771 610 3834; x_wconf 84' lang='grc' dir='ltr'>οὐκ</span> <span class='ocrx_word' id='word_1_267' title='bbox 642 3770 705 3849; x_wconf 82' lang='grc' dir='ltr'><em>είμί</em></span> <span class='ocrx_word' id='word_1_268' title='bbox 738 3770 816 3851; x_wconf 81' lang='grc' dir='ltr'><em>χείρ,</em></span> <span class='ocrx_word' id='word_1_269' title='bbox 848 3772 900 3834; x_wconf 88' lang='grc' dir='ltr'>οὐκ</span> <span class='ocrx_word' id='word_1_270' title='bbox 925 3771 986 3848; x_wconf 79' lang='grc' dir='ltr'><em>εἰμί</em></span> <span class='ocrx_word' id='word_1_271' title='bbox 1011 3773 1045 3835; x_wconf 85' lang='grc' dir='ltr'>ἐκ</span> <span class='ocrx_word' id='word_1_272' title='bbox 1068 3777 1122 3836; x_wconf 82' lang='grc' dir='ltr'>τοῦ</span> <span class='ocrx_word' id='word_1_273' title='bbox 1145 3771 1295 3850; x_wconf 81' lang='grc' dir='ltr'><em>σώματος,</em></span> <span class='ocrx_word' id='word_1_274' title='bbox 1319 3774 1351 3836; x_wconf 82' lang='grc' dir='ltr'>οὐ</span> <span class='ocrx_word' id='word_1_275' title='bbox 1376 3774 1459 3853; x_wconf 80' lang='grc' dir='ltr'><em>παρῶ</em></span> 
     </span>
     <span class='ocr_line' id='line_1_30' title="bbox 286 3882 1459 3969; baseline 0.002 -20"><span class='ocrx_word' id='word_1_276' title='bbox 286 3888 373 3949; x_wconf 83' lang='grc' dir='ltr'><em>τοῦτο</em></span> <span class='ocrx_word' id='word_1_277' title='bbox 397 3885 448 3949; x_wconf 83' lang='grc' dir='ltr'>οὐκ</span> <span class='ocrx_word' id='word_1_278' title='bbox 472 3882 551 3949; x_wconf 84' lang='grc' dir='ltr'><em>ἔστιν</em></span> <span class='ocrx_word' id='word_1_279' title='bbox 574 3886 608 3947; x_wconf 85' lang='grc' dir='ltr'>ἐκ</span> <span class='ocrx_word' id='word_1_280' title='bbox 632 3888 684 3948; x_wconf 85' lang='grc' dir='ltr'>τοῶ</span> <span class='ocrx_word' id='word_1_281' title='bbox 709 3884 848 3962; x_wconf 81' lang='grc' dir='ltr'><em>σώματος</em></span> <span class='ocrx_word' id='word_1_282' title='bbox 871 3909 900 3948; x_wconf 88' lang='grc' dir='ltr'>κ.</span> <span class='ocrx_word' id='word_1_283' title='bbox 910 3908 936 3948; x_wconf 92' lang='grc' dir='ltr'>τ.</span> <span class='ocrx_word' id='word_1_284' title='bbox 951 3885 1004 3963; x_wconf 69' lang='grc'><strong>1.),</strong></span> <span class='ocrx_word' id='word_1_285' title='bbox 1031 3888 1148 3969; x_wconf 85' lang='lat' dir='ltr'>plurali</span> <span class='ocrx_word' id='word_1_286' title='bbox 1160 3906 1294 3951; x_wconf 86' lang='lat' dir='ltr'>numero</span> <span class='ocrx_word' id='word_1_287' title='bbox 1308 3910 1341 3949; x_wconf 91' lang='grc' dir='ltr'>π.</span> <span class='ocrx_word' id='word_1_288' title='bbox 1356 3890 1459 3951; x_wconf 82' lang='grc' dir='ltr'><em>ταῦτα</em></span> 
     </span>
     <span class='ocr_line' id='line_1_31' title="bbox 289 3997 1458 4084; baseline 0.002 -21"><span class='ocrx_word' id='word_1_289' title='bbox 289 3997 391 4080; x_wconf 83' lang='lat' dir='ltr'>(Dum.</span> <span class='ocrx_word' id='word_1_290' title='bbox 425 3999 479 4081; x_wconf 90' lang='grc'>20,</span> <span class='ocrx_word' id='word_1_291' title='bbox 517 3999 597 4079; x_wconf 90' lang='grc'><strong>110,</strong></span> <span class='ocrx_word' id='word_1_292' title='bbox 635 3997 746 4080; x_wconf 90' lang='lat' dir='ltr'>Polyb.</span> <span class='ocrx_word' id='word_1_293' title='bbox 784 3999 835 4081; x_wconf 90' lang='grc'>10,</span> <span class='ocrx_word' id='word_1_294' title='bbox 872 4000 925 4082; x_wconf 94' lang='grc'><strong>46,</strong></span> <span class='ocrx_word' id='word_1_295' title='bbox 958 4001 998 4078; x_wconf 90' lang='grc'>3).</span> <span class='ocrx_word' id='word_1_296' title='bbox 1030 3999 1164 4065; x_wconf 84' lang='lat' dir='ltr'>Locutio</span> <span class='ocrx_word' id='word_1_297' title='bbox 1188 4000 1272 4080; x_wconf 74' lang='grc' dir='ltr'><em>παρὰ</em></span> <span class='ocrx_word' id='word_1_298' title='bbox 1295 3999 1329 4064; x_wconf 89' lang='grc' dir='ltr'>τί</span> <span class='ocrx_word' id='word_1_299' title='bbox 1350 4003 1458 4084; x_wconf 90' lang='lat' dir='ltr'>(quam</span> 
     </span>
     <span class='ocr_line' id='line_1_32' title="bbox 288 4112 1459 4200; baseline 0.001 -23"><span class='ocrx_word' id='word_1_300' title='bbox 288 4112 328 4177; x_wconf 92' lang='lat' dir='ltr'>ob</span> <span class='ocrx_word' id='word_1_301' title='bbox 351 4112 455 4192; x_wconf 76' lang='lat' dir='ltr'>romi)</span> <span class='ocrx_word' id='word_1_302' title='bbox 478 4114 645 4177; x_wconf 88' lang='lat' dir='ltr'>invenitur</span> <span class='ocrx_word' id='word_1_303' title='bbox 668 4114 753 4197; x_wconf 84' lang='lat' dir='ltr'>apud</span> <span class='ocrx_word' id='word_1_304' title='bbox 777 4112 977 4179; x_wconf 89' lang='lat' dir='ltr'>Dinarchum</span> <span class='ocrx_word' id='word_1_305' title='bbox 1002 4114 1045 4197; x_wconf 90' lang='lat' dir='ltr'>(l,</span> <span class='ocrx_word' id='word_1_306' title='bbox 1074 4115 1127 4196; x_wconf 81' lang='grc'><strong>72)</strong></span> <span class='ocrx_word' id='word_1_307' title='bbox 1151 4133 1214 4198; x_wconf 91' lang='lat' dir='ltr'>quo</span> <span class='ocrx_word' id='word_1_308' title='bbox 1239 4114 1309 4178; x_wconf 90' lang='lat' dir='ltr'>loco</span> <span class='ocrx_word' id='word_1_309' title='bbox 1329 4134 1459 4200; x_wconf 89' lang='lat' dir='ltr'>respon·</span> 
     </span>
     <span class='ocr_line' id='line_1_33' title="bbox 288 4225 1459 4308; baseline 0.001 -17"><span class='ocrx_word' id='word_1_310' title='bbox 288 4246 360 4291; x_wconf 87' lang='lat' dir='ltr'>sum</span> <span class='ocrx_word' id='word_1_311' title='bbox 397 4226 484 4290; x_wconf 83' lang='lat' dir='ltr'>hisce</span> <span class='ocrx_word' id='word_1_312' title='bbox 518 4226 626 4292; x_wconf 79' lang='lat' dir='ltr'>verbis</span> <span class='ocrx_word' id='word_1_313' title='bbox 662 4227 772 4292; x_wconf 84' lang='lat' dir='ltr'>datur:</span> <span class='ocrx_word' id='word_1_314' title='bbox 808 4226 893 4308; x_wconf 80' lang='grc' dir='ltr'><em>παρῶ</em></span> <span class='ocrx_word' id='word_1_315' title='bbox 915 4226 985 4301; x_wconf 80' lang='grc' dir='ltr'><em>τοὺς</em></span> <span class='ocrx_word' id='word_1_316' title='bbox 1007 4227 1199 4307; x_wconf 80' lang='grc' dir='ltr'><em>συμβούλους</em></span> <span class='ocrx_word' id='word_1_317' title='bbox 1222 4225 1273 4292; x_wconf 91' lang='grc' dir='ltr'>καί</span> <span class='ocrx_word' id='word_1_318' title='bbox 1295 4228 1365 4300; x_wconf 85' lang='grc' dir='ltr'><em>τοὺς</em></span> <span class='ocrx_word' id='word_1_319' title='bbox 1388 4229 1459 4307; x_wconf 73' lang='grc' dir='ltr'><em>ἡγε-</em></span> 
     </span>
     <span class='ocr_line' id='line_1_34' title="bbox 287 4338 1460 4426; baseline 0.004 -23"><span class='ocrx_word' id='word_1_320' title='bbox 287 4338 390 4418; x_wconf 87' lang='grc' dir='ltr'><em>μίνας,</em></span> <span class='ocrx_word' id='word_1_321' title='bbox 426 4339 512 4424; x_wconf 83' lang='lat' dir='ltr'>apud</span> <span class='ocrx_word' id='word_1_322' title='bbox 547 4338 720 4421; x_wconf 88' lang='lat' dir='ltr'>Polybium</span> <span class='ocrx_word' id='word_1_323' title='bbox 755 4341 799 4424; x_wconf 93' lang='grc'>(1,</span> <span class='ocrx_word' id='word_1_324' title='bbox 835 4341 889 4423; x_wconf 88' lang='grc'>32,</span> <span class='ocrx_word' id='word_1_325' title='bbox 924 4341 961 4422; x_wconf 93' lang='grc'>4,</span> <span class='ocrx_word' id='word_1_326' title='bbox 1001 4342 1052 4424; x_wconf 91' lang='grc'>18,</span> <span class='ocrx_word' id='word_1_327' title='bbox 1085 4342 1138 4425; x_wconf 91' lang='grc'>28,</span> <span class='ocrx_word' id='word_1_328' title='bbox 1162 4343 1202 4422; x_wconf 92' lang='grc'>4).</span> <span class='ocrx_word' id='word_1_329' title='bbox 1225 4341 1351 4406; x_wconf 91' lang='lat' dir='ltr'>Horum</span> <span class='ocrx_word' id='word_1_330' title='bbox 1376 4363 1460 4426; x_wconf 89' lang='lat' dir='ltr'>quae</span> 
     </span>
     <span class='ocr_line' id='line_1_35' title="bbox 286 4453 1459 4539; baseline 0.003 -21"><span class='ocrx_word' id='word_1_331' title='bbox 286 4453 490 4518; x_wconf 85' lang='lat' dir='ltr'>laudavimus</span> <span class='ocrx_word' id='word_1_332' title='bbox 525 4454 747 4537; x_wconf 83' lang='lat' dir='ltr'>exemplorum</span> <span class='ocrx_word' id='word_1_333' title='bbox 785 4453 1039 4538; x_wconf 89' lang='lat' dir='ltr'>similitudinem,</span> <span class='ocrx_word' id='word_1_334' title='bbox 1072 4457 1184 4539; x_wconf 75' lang='lat' dir='ltr'>paucis</span> <span class='ocrx_word' id='word_1_335' title='bbox 1219 4459 1345 4521; x_wconf 78' lang='lat' dir='ltr'>tantum</span> <span class='ocrx_word' id='word_1_336' title='bbox 1379 4457 1459 4522; x_wconf 90' lang='lat' dir='ltr'>locis</span> 
     </span>
    </p>
   </div>
   <div class='ocr_carea' id='block_1_4' title="bbox 0 0 1694 5212">
    <p class='ocr_par' dir='ltr' id='par_1_6' title="bbox 0 0 1694 5212">
     <span class='ocr_line' id='line_1_36' title="bbox 0 0 1694 5212; baseline 0 0"><span class='ocrx_word' id='word_1_337' title='bbox 0 0 1694 5212; x_wconf 95' lang='lat' dir='ltr'> </span> 
     </span>
    </p>
   </div>
  </div>
 </body>
</html>
