<?xml version="1.0" encoding="UTF-8"?>
<!DOCTYPE html PUBLIC "-//W3C//DTD XHTML 1.0 Transitional//EN"
    "http://www.w3.org/TR/xhtml1/DTD/xhtml1-transitional.dtd">
<html xmlns="http://www.w3.org/1999/xhtml" xml:lang="en" lang="en">
 <head>
  <title>
</title>
<meta http-equiv="Content-Type" content="text/html;charset=utf-8" />
  <meta name='ocr-system' content='tesseract 3.04.00' />
  <meta name='ocr-capabilities' content='ocr_page ocr_carea ocr_par ocr_line ocrx_word'/>
</head>
<body>
  <div class='ocr_page' id='page_1' title='image "./depraepositioni00nawigoog_0047.png"; bbox 0 0 3400 5212; ppageno 0'>
   <div class='ocr_carea' id='block_1_1' title="bbox 852 511 895 574">
    <p class='ocr_par' dir='ltr' id='par_1_1' title="bbox 852 511 895 574">
     <span class='ocr_line' id='line_1_1' title="bbox 852 511 895 574; baseline -0.023 0"><span class='ocrx_word' id='word_1_1' title='bbox 852 511 895 574; x_wconf 85' lang='lat'>38</span> 
     </span>
    </p>
   </div>
   <div class='ocr_carea' id='block_1_2' title="bbox 284 693 1462 2580">
    <p class='ocr_par' dir='ltr' id='par_1_2' title="bbox 329 693 1082 778">
     <span class='ocr_line' id='line_1_2' title="bbox 329 693 1082 778; baseline -0.005 -16"><span class='ocrx_word' id='word_1_2' title='bbox 329 695 412 762; x_wconf 91' lang='grc' dir='ltr'><em>σίτον</em></span> <span class='ocrx_word' id='word_1_3' title='bbox 436 721 471 761; x_wconf 91' lang='grc' dir='ltr'>π.</span> <span class='ocrx_word' id='word_1_4' title='bbox 494 700 552 761; x_wconf 80' lang='grc' dir='ltr'>τῶν</span> <span class='ocrx_word' id='word_1_5' title='bbox 575 694 727 774; x_wconf 75' lang='grc' dir='ltr'><em>βασιλέων</em></span> <span class='ocrx_word' id='word_1_6' title='bbox 751 693 945 777; x_wconf 75' lang='grc' dir='ltr'><em>πεμφθέντος</em></span> <span class='ocrx_word' id='word_1_7' title='bbox 972 697 1020 778; x_wconf 89' lang='lat'>18,</span> <span class='ocrx_word' id='word_1_8' title='bbox 1044 697 1082 775; x_wconf 78' lang='lat'>53</span> 
     </span>
    </p>

    <p class='ocr_par' dir='ltr' id='par_1_3' title="bbox 284 809 1459 1236">
     <span class='ocr_line' id='line_1_3' title="bbox 330 809 1456 895; baseline -0.003 -20"><span class='ocrx_word' id='word_1_9' title='bbox 330 810 411 876; x_wconf 80' lang='lat' dir='ltr'>Cum</span> <span class='ocrx_word' id='word_1_10' title='bbox 445 816 606 895; x_wconf 89' lang='lat' dir='ltr'>postremo</span> <span class='ocrx_word' id='word_1_11' title='bbox 631 811 778 894; x_wconf 87' lang='lat' dir='ltr'>exemplo</span> <span class='ocrx_word' id='word_1_12' title='bbox 802 811 979 875; x_wconf 83' lang='lat' dir='ltr'>rectissime</span> <span class='ocrx_word' id='word_1_13' title='bbox 1002 809 1140 874; x_wconf 89' lang='lat' dir='ltr'>conferri</span> <span class='ocrx_word' id='word_1_14' title='bbox 1163 812 1267 892; x_wconf 87' lang='lat' dir='ltr'>potest</span> <span class='ocrx_word' id='word_1_15' title='bbox 1291 809 1342 892; x_wconf 89' lang='grc'>39,</span> <span class='ocrx_word' id='word_1_16' title='bbox 1368 811 1396 892; x_wconf 94' lang='grc'>1,</span> <span class='ocrx_word' id='word_1_17' title='bbox 1419 812 1456 872; x_wconf 76' lang='lat'>4:</span> 
     </span>
     <span class='ocr_line' id='line_1_4' title="bbox 284 917 1458 1005; baseline -0.003 -14"><span class='ocrx_word' id='word_1_18' title='bbox 284 926 339 1000; x_wconf 73' lang='grc' dir='ltr'>τὴν</span> <span class='ocrx_word' id='word_1_19' title='bbox 373 922 593 1002; x_wconf 67' lang='grc' dir='ltr'>σιτοπομπίαν,</span> <span class='ocrx_word' id='word_1_20' title='bbox 624 917 657 997; x_wconf 72' lang='grc' dir='ltr'>ἣν</span> <span class='ocrx_word' id='word_1_21' title='bbox 689 923 727 987; x_wconf 74' lang='grc' dir='ltr'>δι’</span> <span class='ocrx_word' id='word_1_22' title='bbox 753 923 849 998; x_wconf 79' lang='grc' dir='ltr'><em>αὐτῆς</em></span> <span class='ocrx_word' id='word_1_23' title='bbox 872 946 907 986; x_wconf 96' lang='grc' dir='ltr'>π.</span> <span class='ocrx_word' id='word_1_24' title='bbox 932 926 989 987; x_wconf 78' lang='grc' dir='ltr'>τῶν</span> <span class='ocrx_word' id='word_1_25' title='bbox 1013 919 1190 1001; x_wconf 73' lang='grc' dir='ltr'><em>σνμμοίχων</em></span> <span class='ocrx_word' id='word_1_26' title='bbox 1213 924 1353 997; x_wconf 81' lang='grc' dir='ltr'><em>ἐπονεῖτο,</em></span> <span class='ocrx_word' id='word_1_27' title='bbox 1376 923 1458 1005; x_wconf 72' lang='grc' dir='ltr'><em>οἶφε-</em></span> 
     </span>
     <span class='ocr_line' id='line_1_5' title="bbox 284 1034 1459 1116; baseline 0 -13"><span class='ocrx_word' id='word_1_28' title='bbox 284 1037 399 1103; x_wconf 83' lang='grc' dir='ltr'><em>λέσθαο.</em></span> <span class='ocrx_word' id='word_1_29' title='bbox 446 1035 655 1114; x_wconf 71' lang='grc' dir='ltr'>σιτοπομπίαν</span> <span class='ocrx_word' id='word_1_30' title='bbox 688 1035 835 1100; x_wconf 77' lang='grc' dir='ltr'><em>πονεῖσθαι</em></span> <span class='ocrx_word' id='word_1_31' title='bbox 867 1037 953 1100; x_wconf 88' lang='lat' dir='ltr'>enim</span> <span class='ocrx_word' id='word_1_32' title='bbox 986 1035 1071 1115; x_wconf 78' lang='grc' dir='ltr'><em>παρα</em></span> <span class='ocrx_word' id='word_1_33' title='bbox 1094 1038 1151 1099; x_wconf 78' lang='grc' dir='ltr'>τῶν</span> <span class='ocrx_word' id='word_1_34' title='bbox 1174 1034 1352 1116; x_wconf 76' lang='grc' dir='ltr'><em>σνμμοίχων</em></span> <span class='ocrx_word' id='word_1_35' title='bbox 1374 1039 1459 1103; x_wconf 88' lang='lat' dir='ltr'>idem</span> 
     </span>
     <span class='ocr_line' id='line_1_6' title="bbox 284 1147 1458 1236; baseline -0.002 -20"><span class='ocrx_word' id='word_1_36' title='bbox 284 1153 351 1218; x_wconf 87' lang='lat' dir='ltr'>fere</span> <span class='ocrx_word' id='word_1_37' title='bbox 374 1150 533 1236; x_wconf 81' lang='lat' dir='ltr'>significat</span> <span class='ocrx_word' id='word_1_38' title='bbox 554 1156 653 1234; x_wconf 81' lang='lat' dir='ltr'>atque</span> <span class='ocrx_word' id='word_1_39' title='bbox 675 1149 800 1215; x_wconf 85' lang='lat' dir='ltr'>efficere</span> <span class='ocrx_word' id='word_1_40' title='bbox 824 1155 860 1214; x_wconf 89' lang='lat' dir='ltr'>ut</span> <span class='ocrx_word' id='word_1_41' title='bbox 879 1154 960 1222; x_wconf 80' lang='grc' dir='ltr'><em>σῖτος</em></span> <span class='ocrx_word' id='word_1_42' title='bbox 973 1171 1008 1212; x_wconf 92' lang='grc' dir='ltr'>π.</span> <span class='ocrx_word' id='word_1_43' title='bbox 1021 1152 1079 1213; x_wconf 81' lang='grc' dir='ltr'>τῶν</span> <span class='ocrx_word' id='word_1_44' title='bbox 1091 1147 1268 1228; x_wconf 73' lang='grc' dir='ltr'><em>σνμμοίχων</em></span> <span class='ocrx_word' id='word_1_45' title='bbox 1280 1149 1458 1227; x_wconf 69' lang='grc' dir='ltr'><em>πέμποντας.</em></span> 
     </span>
    </p>

    <p class='ocr_par' dir='ltr' id='par_1_4' title="bbox 286 1260 1461 1465">
     <span class='ocr_line' id='line_1_7' title="bbox 328 1260 1461 1349; baseline -0.003 -19"><span class='ocrx_word' id='word_1_46' title='bbox 328 1264 378 1330; x_wconf 90' lang='lat' dir='ltr'>De</span> <span class='ocrx_word' id='word_1_47' title='bbox 400 1267 528 1349; x_wconf 87' lang='lat' dir='ltr'>passivo</span> <span class='ocrx_word' id='word_1_48' title='bbox 548 1263 637 1329; x_wconf 85' lang='lat' dir='ltr'>verbi</span> <span class='ocrx_word' id='word_1_49' title='bbox 657 1263 744 1346; x_wconf 93' lang='lat' dir='ltr'>quod</span> <span class='ocrx_word' id='word_1_50' title='bbox 757 1268 806 1327; x_wconf 93' lang='lat' dir='ltr'>est</span> <span class='ocrx_word' id='word_1_51' title='bbox 818 1260 959 1326; x_wconf 73' lang='grc' dir='ltr'><em>στέλλειν</em></span> <span class='ocrx_word' id='word_1_52' title='bbox 971 1263 1049 1328; x_wconf 88' lang='lat' dir='ltr'>haec</span> <span class='ocrx_word' id='word_1_53' title='bbox 1062 1263 1288 1328; x_wconf 87' lang='lat' dir='ltr'>adnotavimus</span> <span class='ocrx_word' id='word_1_54' title='bbox 1297 1261 1461 1349; x_wconf 78' lang='lat' dir='ltr'>exempla,</span> 
     </span>
     <span class='ocr_line' id='line_1_8' title="bbox 286 1375 1358 1465; baseline -0.001 -22"><span class='ocrx_word' id='word_1_55' title='bbox 286 1379 406 1465; x_wconf 88' lang='lat' dir='ltr'>quibus</span> <span class='ocrx_word' id='word_1_56' title='bbox 428 1379 580 1442; x_wconf 88' lang='lat' dir='ltr'>adiuncta</span> <span class='ocrx_word' id='word_1_57' title='bbox 602 1382 679 1441; x_wconf 90' lang='lat' dir='ltr'>suut</span> <span class='ocrx_word' id='word_1_58' title='bbox 702 1376 879 1462; x_wconf 89' lang='lat' dir='ltr'>composita</span> <span class='ocrx_word' id='word_1_59' title='bbox 903 1376 1061 1458; x_wconf 81' lang='lat' dir='ltr'>quaedam</span> <span class='ocrx_word' id='word_1_60' title='bbox 1086 1375 1177 1440; x_wconf 87' lang='lat' dir='ltr'>verbi</span> <span class='ocrx_word' id='word_1_61' title='bbox 1199 1375 1358 1442; x_wconf 77' lang='lat' dir='ltr'>ors&#39;aaea:</span> 
     </span>
    </p>

    <p class='ocr_par' dir='ltr' id='par_1_5' title="bbox 286 1488 1461 1799">
     <span class='ocr_line' id='line_1_9' title="bbox 332 1488 1459 1576; baseline 0.002 -22"><span class='ocrx_word' id='word_1_62' title='bbox 332 1494 383 1576; x_wconf 82' lang='lat'>58,</span> <span class='ocrx_word' id='word_1_63' title='bbox 421 1493 471 1573; x_wconf 92' lang='grc'>13,</span> <span class='ocrx_word' id='word_1_64' title='bbox 507 1492 544 1554; x_wconf 75' lang='lat'>2:</span> <span class='ocrx_word' id='word_1_65' title='bbox 578 1490 611 1554; x_wconf 84' lang='grc' dir='ltr'>οὐ</span> <span class='ocrx_word' id='word_1_66' title='bbox 642 1489 744 1567; x_wconf 77' lang='grc' dir='ltr'><em>μέντοι</em></span> <span class='ocrx_word' id='word_1_67' title='bbox 770 1489 821 1554; x_wconf 75' lang='grc' dir='ltr'>καὶ</span> <span class='ocrx_word' id='word_1_68' title='bbox 845 1490 900 1563; x_wconf 69' lang='grc' dir='ltr'>τὴν</span> <span class='ocrx_word' id='word_1_69' title='bbox 923 1488 1086 1569; x_wconf 73' lang='grc' dir='ltr'><em>πρεσβείαν</em></span> <span class='ocrx_word' id='word_1_70' title='bbox 1108 1492 1163 1566; x_wconf 71' lang='grc' dir='ltr'>τὴν</span> <span class='ocrx_word' id='word_1_71' title='bbox 1187 1492 1383 1573; x_wconf 79' lang='grc' dir='ltr'><em>πεμφθεῖσαν</em></span> <span class='ocrx_word' id='word_1_72' title='bbox 1407 1491 1459 1556; x_wconf 76' lang='grc' dir='ltr'>ἐπὶ</span> 
     </span>
     <span class='ocr_line' id='line_1_10' title="bbox 286 1601 1461 1692; baseline 0 -21"><span class='ocrx_word' id='word_1_73' title='bbox 286 1604 382 1684; x_wconf 84' lang='grc' dir='ltr'><em>τούτῳ</em></span> <span class='ocrx_word' id='word_1_74' title='bbox 398 1601 624 1692; x_wconf 79' lang='grc' dir='ltr'><em>προσεδέξατο,</em></span> <span class='ocrx_word' id='word_1_75' title='bbox 656 1603 766 1685; x_wconf 85' lang='grc' dir='ltr'><em>καίπερ</em></span> <span class='ocrx_word' id='word_1_76' title='bbox 791 1607 912 1668; x_wconf 78' lang='grc' dir='ltr'><em>πολλῶν</em></span> <span class='ocrx_word' id='word_1_77' title='bbox 935 1601 989 1680; x_wconf 81' lang='grc' dir='ltr'>μὲν</span> <span class='ocrx_word' id='word_1_78' title='bbox 1013 1602 1098 1684; x_wconf 74' lang='grc' dir='ltr'><em>παρὰ</em></span> <span class='ocrx_word' id='word_1_79' title='bbox 1121 1612 1176 1680; x_wconf 77' lang='grc' dir='ltr'>τῆς</span> <span class='ocrx_word' id='word_1_80' title='bbox 1201 1605 1314 1684; x_wconf 69' lang='grc' dir='ltr'><em>βουλῆς</em></span> <span class='ocrx_word' id='word_1_81' title='bbox 1339 1610 1461 1671; x_wconf 80' lang='grc' dir='ltr'><em>πολλῶν</em></span> 
     </span>
     <span class='ocr_line' id='line_1_11' title="bbox 287 1716 1221 1799; baseline -0.002 -15"><span class='ocrx_word' id='word_1_82' title='bbox 287 1718 395 1784; x_wconf 76' lang='grc' dir='ltr'><em>δὲκαὶ</em></span> <span class='ocrx_word' id='word_1_83' title='bbox 419 1717 505 1799; x_wconf 79' lang='grc' dir='ltr'><em>παρα</em></span> <span class='ocrx_word' id='word_1_84' title='bbox 527 1720 584 1782; x_wconf 82' lang='grc' dir='ltr'>τῶν</span> <span class='ocrx_word' id='word_1_85' title='bbox 609 1716 726 1781; x_wconf 78' lang='grc' dir='ltr'><em>ἱππέων</em></span> <span class='ocrx_word' id='word_1_86' title='bbox 751 1721 803 1781; x_wconf 78' lang='grc' dir='ltr'>τοῦ</span> <span class='ocrx_word' id='word_1_87' title='bbox 827 1740 862 1780; x_wconf 90' lang='grc' dir='ltr'>τε</span> <span class='ocrx_word' id='word_1_88' title='bbox 886 1717 1017 1792; x_wconf 76' lang='grc' dir='ltr'><em>πλήθους</em></span> <span class='ocrx_word' id='word_1_89' title='bbox 1039 1717 1221 1783; x_wconf 79' lang='grc' dir='ltr'><em>σταλέντων.</em></span> 
     </span>
    </p>

    <p class='ocr_par' dir='ltr' id='par_1_6' title="bbox 287 1829 1462 2580">
     <span class='ocr_line' id='line_1_12' title="bbox 331 1829 1460 1916; baseline 0.001 -19"><span class='ocrx_word' id='word_1_90' title='bbox 331 1832 462 1898; x_wconf 79' lang='lat' dir='ltr'><strong>Dictum</strong></span> <span class='ocrx_word' id='word_1_91' title='bbox 487 1851 558 1897; x_wconf 87' lang='lat' dir='ltr'>esse</span> <span class='ocrx_word' id='word_1_92' title='bbox 581 1833 710 1897; x_wconf 87' lang='lat' dir='ltr'>videtur</span> <span class='ocrx_word' id='word_1_93' title='bbox 733 1832 772 1897; x_wconf 95' lang='lat' dir='ltr'>de</span> <span class='ocrx_word' id='word_1_94' title='bbox 794 1833 917 1916; x_wconf 84' lang='lat' dir='ltr'>legatis,</span> <span class='ocrx_word' id='word_1_95' title='bbox 940 1832 980 1895; x_wconf 92' lang='lat' dir='ltr'>ad</span> <span class='ocrx_word' id='word_1_96' title='bbox 999 1829 1161 1897; x_wconf 81' lang='lat' dir='ltr'>Tiberium</span> <span class='ocrx_word' id='word_1_97' title='bbox 1176 1835 1460 1899; x_wconf 87' lang='lat' dir='ltr'>missisenumero</span> 
     </span>
     <span class='ocr_line' id='line_1_13' title="bbox 287 1944 1462 2030; baseline 0 -18"><span class='ocrx_word' id='word_1_98' title='bbox 287 1953 474 2013; x_wconf 88' lang='lat' dir='ltr'>senatorum</span> <span class='ocrx_word' id='word_1_99' title='bbox 499 1948 713 2030; x_wconf 83' lang='lat' dir='ltr'>equitumque</span> <span class='ocrx_word' id='word_1_100' title='bbox 736 1951 834 2030; x_wconf 87' lang='lat' dir='ltr'>atque</span> <span class='ocrx_word' id='word_1_101' title='bbox 858 1946 898 2009; x_wconf 89' lang='lat' dir='ltr'>de</span> <span class='ocrx_word' id='word_1_102' title='bbox 921 1944 1023 2028; x_wconf 90' lang='lat' dir='ltr'>plebe,</span> <span class='ocrx_word' id='word_1_103' title='bbox 1045 1946 1090 2010; x_wconf 89' lang='lat' dir='ltr'>ita</span> <span class='ocrx_word' id='word_1_104' title='bbox 1115 1951 1151 2010; x_wconf 92' lang='lat' dir='ltr'>nt</span> <span class='ocrx_word' id='word_1_105' title='bbox 1173 1947 1272 2011; x_wconf 86' lang='lat' dir='ltr'>verba</span> <span class='ocrx_word' id='word_1_106' title='bbox 1296 1946 1382 2028; x_wconf 74' lang='grc' dir='ltr'><em>παρὰ</em></span> <span class='ocrx_word' id='word_1_107' title='bbox 1404 1956 1462 2023; x_wconf 76' lang='grc' dir='ltr'>τῆς</span> 
     </span>
     <span class='ocr_line' id='line_1_14' title="bbox 289 2057 1461 2145; baseline 0 -19"><span class='ocrx_word' id='word_1_108' title='bbox 289 2062 401 2140; x_wconf 77' lang='grc' dir='ltr'><em>βουλῆς</em></span> <span class='ocrx_word' id='word_1_109' title='bbox 426 2065 484 2125; x_wconf 86' lang='lat' dir='ltr'>etc.</span> <span class='ocrx_word' id='word_1_110' title='bbox 506 2060 697 2124; x_wconf 81' lang='lat' dir='ltr'>cohaereant</span> <span class='ocrx_word' id='word_1_111' title='bbox 718 2059 848 2143; x_wconf 89' lang='lat' dir='ltr'>quidem</span> <span class='ocrx_word' id='word_1_112' title='bbox 869 2076 943 2121; x_wconf 90' lang='lat' dir='ltr'>cum</span> <span class='ocrx_word' id='word_1_113' title='bbox 962 2058 1130 2142; x_wconf 90' lang='lat' dir='ltr'>participio</span> <span class='ocrx_word' id='word_1_114' title='bbox 1143 2057 1326 2133; x_wconf 81' lang='grc' dir='ltr'><em>σταλέντων,</em></span> <span class='ocrx_word' id='word_1_115' title='bbox 1339 2063 1461 2145; x_wconf 88' lang='lat' dir='ltr'>quippe</span> 
     </span>
     <span class='ocr_line' id='line_1_15' title="bbox 287 2170 1462 2259; baseline -0.001 -19"><span class='ocrx_word' id='word_1_116' title='bbox 287 2177 345 2259; x_wconf 88' lang='lat' dir='ltr'>qui</span> <span class='ocrx_word' id='word_1_117' title='bbox 368 2175 464 2259; x_wconf 85' lang='lat' dir='ltr'>legati</span> <span class='ocrx_word' id='word_1_118' title='bbox 488 2173 527 2236; x_wconf 99' lang='lat' dir='ltr'>ab</span> <span class='ocrx_word' id='word_1_119' title='bbox 551 2171 702 2236; x_wconf 92' lang='lat' dir='ltr'>omnibns</span> <span class='ocrx_word' id='word_1_120' title='bbox 726 2170 895 2235; x_wconf 85' lang='lat' dir='ltr'>ordinibus</span> <span class='ocrx_word' id='word_1_121' title='bbox 918 2174 1026 2235; x_wconf 91' lang='lat' dir='ltr'>essent</span> <span class='ocrx_word' id='word_1_122' title='bbox 1046 2172 1146 2253; x_wconf 88' lang='lat' dir='ltr'>missi,</span> <span class='ocrx_word' id='word_1_123' title='bbox 1158 2172 1214 2236; x_wconf 91' lang='lat' dir='ltr'>sed</span> <span class='ocrx_word' id='word_1_124' title='bbox 1226 2174 1462 2256; x_wconf 87' lang='lat' dir='ltr'>praepositione</span> 
     </span>
     <span class='ocr_line' id='line_1_16' title="bbox 287 2284 1461 2370; baseline -0.002 -17"><span class='ocrx_word' id='word_1_125' title='bbox 287 2289 385 2353; x_wconf 89' lang='lat' dir='ltr'>simul</span> <span class='ocrx_word' id='word_1_126' title='bbox 418 2288 554 2351; x_wconf 92' lang='lat' dir='ltr'>indicari</span> <span class='ocrx_word' id='word_1_127' title='bbox 589 2285 717 2349; x_wconf 88' lang='lat' dir='ltr'>videtur</span> <span class='ocrx_word' id='word_1_128' title='bbox 741 2285 856 2348; x_wconf 91' lang='lat' dir='ltr'>missos</span> <span class='ocrx_word' id='word_1_129' title='bbox 880 2303 898 2348; x_wconf 95' lang='lat' dir='ltr'>e</span> <span class='ocrx_word' id='word_1_130' title='bbox 921 2289 1045 2364; x_wconf 89' lang='lat' dir='ltr'>senatu,</span> <span class='ocrx_word' id='word_1_131' title='bbox 1068 2303 1108 2348; x_wconf 89' lang='lat' dir='ltr'>ex</span> <span class='ocrx_word' id='word_1_132' title='bbox 1133 2284 1306 2368; x_wconf 88' lang='lat' dir='ltr'>equitibus,</span> <span class='ocrx_word' id='word_1_133' title='bbox 1329 2305 1347 2351; x_wconf 92' lang='lat' dir='ltr'>e</span> <span class='ocrx_word' id='word_1_134' title='bbox 1369 2287 1461 2370; x_wconf 91' lang='lat' dir='ltr'>plebe</span> 
     </span>
     <span class='ocr_line' id='line_1_17' title="bbox 288 2396 1461 2482; baseline -0.004 -16"><span class='ocrx_word' id='word_1_135' title='bbox 288 2403 406 2466; x_wconf 92' lang='lat' dir='ltr'>electos</span> <span class='ocrx_word' id='word_1_136' title='bbox 441 2419 521 2482; x_wconf 89' lang='lat' dir='ltr'>esse,</span> <span class='ocrx_word' id='word_1_137' title='bbox 554 2399 600 2462; x_wconf 93' lang='lat' dir='ltr'>ita</span> <span class='ocrx_word' id='word_1_138' title='bbox 632 2404 666 2461; x_wconf 88' lang='lat' dir='ltr'>ut</span> <span class='ocrx_word' id='word_1_139' title='bbox 697 2398 896 2462; x_wconf 86' lang='lat' dir='ltr'>desideretur</span> <span class='ocrx_word' id='word_1_140' title='bbox 926 2396 992 2461; x_wconf 83' lang='lat' dir='ltr'>fere</span> <span class='ocrx_word' id='word_1_141' title='bbox 1015 2399 1220 2482; x_wconf 87' lang='lat' dir='ltr'>participium</span> <span class='ocrx_word' id='word_1_142' title='bbox 1245 2396 1461 2477; x_wconf 74' lang='grc' dir='ltr'><em>ἐξενλενμένων</em></span> 
     </span>
     <span class='ocr_line' id='line_1_18' title="bbox 288 2512 641 2580; baseline -0.008 -2"><span class='ocrx_word' id='word_1_143' title='bbox 288 2515 339 2580; x_wconf 86' lang='lat' dir='ltr'>vel</span> <span class='ocrx_word' id='word_1_144' title='bbox 363 2513 522 2579; x_wconf 89' lang='lat' dir='ltr'>eiusmodi</span> <span class='ocrx_word' id='word_1_145' title='bbox 545 2512 641 2575; x_wconf 89' lang='lat' dir='ltr'>notio.</span> 
     </span>
    </p>
   </div>
   <div class='ocr_carea' id='block_1_3' title="bbox 288 2614 1461 3278">
    <p class='ocr_par' dir='ltr' id='par_1_7' title="bbox 288 2614 1461 3167">
     <span class='ocr_line' id='line_1_19' title="bbox 332 2614 1460 2709; baseline -0.004 -17"><span class='ocrx_word' id='word_1_146' title='bbox 332 2628 434 2692; x_wconf 90' lang='lat' dir='ltr'>Paulo</span> <span class='ocrx_word' id='word_1_147' title='bbox 458 2614 553 2690; x_wconf 82' lang='lat' dir='ltr'>aliter&#39;</span> <span class='ocrx_word' id='word_1_148' title='bbox 572 2630 620 2691; x_wconf 90' lang='lat' dir='ltr'>est</span> <span class='ocrx_word' id='word_1_149' title='bbox 642 2626 728 2709; x_wconf 91' lang='lat' dir='ltr'>apud</span> <span class='ocrx_word' id='word_1_150' title='bbox 752 2625 918 2707; x_wconf 84' lang='lat' dir='ltr'>Zonaram,</span> <span class='ocrx_word' id='word_1_151' title='bbox 938 2625 988 2707; x_wconf 86' lang='lat' dir='ltr'>(cf.</span> <span class='ocrx_word' id='word_1_152' title='bbox 1001 2623 1087 2690; x_wconf 83' lang='lat' dir='ltr'>Gass.</span> <span class='ocrx_word' id='word_1_153' title='bbox 1100 2623 1215 2690; x_wconf 91' lang='lat' dir='ltr'>Dionis</span> <span class='ocrx_word' id='word_1_154' title='bbox 1228 2625 1302 2690; x_wconf 89' lang='lat' dir='ltr'>edit.</span> <span class='ocrx_word' id='word_1_155' title='bbox 1315 2625 1460 2691; x_wconf 88' lang='lat' dir='ltr'>Boissev.</span> 
     </span>
     <span class='ocr_line' id='line_1_20' title="bbox 288 2725 1461 2824; baseline -0.003 -16"><span class='ocrx_word' id='word_1_156' title='bbox 288 2744 328 2808; x_wconf 90' lang='lat' dir='ltr'>ad</span> <span class='ocrx_word' id='word_1_157' title='bbox 358 2743 408 2824; x_wconf 81' lang='grc'>65,</span> <span class='ocrx_word' id='word_1_158' title='bbox 433 2742 461 2823; x_wconf 92' lang='grc'>8,</span> <span class='ocrx_word' id='word_1_159' title='bbox 486 2740 530 2820; x_wconf 79' lang='lat'>3¹)</span> <span class='ocrx_word' id='word_1_160' title='bbox 554 2739 611 2803; x_wconf 89' lang='lat' dir='ltr'>ubi</span> <span class='ocrx_word' id='word_1_161' title='bbox 634 2739 712 2804; x_wconf 82' lang='lat' dir='ltr'>haec</span> <span class='ocrx_word' id='word_1_162' title='bbox 734 2741 889 2823; x_wconf 85' lang='lat' dir='ltr'>legimus:</span> <span class='ocrx_word' id='word_1_163' title='bbox 915 2725 1000 2818; x_wconf 78' lang='grc' dir='ltr'><em>παρα</em></span> <span class='ocrx_word' id='word_1_164' title='bbox 1022 2735 1151 2818; x_wconf 78' lang='grc' dir='ltr'><em>Νέρωνος</em></span> <span class='ocrx_word' id='word_1_165' title='bbox 1176 2732 1209 2811; x_wconf 76' lang='grc' dir='ltr'>ἦν</span> <span class='ocrx_word' id='word_1_166' title='bbox 1232 2740 1328 2804; x_wconf 79' lang='grc' dir='ltr'><em>ἐκεῖσε</em></span> <span class='ocrx_word' id='word_1_167' title='bbox 1351 2744 1405 2820; x_wconf 87' lang='lat' dir='ltr'>(sc.</span> <span class='ocrx_word' id='word_1_168' title='bbox 1430 2741 1461 2814; x_wconf 82' lang='grc' dir='ltr'>ἐς</span> 
     </span>
     <span class='ocr_line' id='line_1_21' title="bbox 288 2851 1461 2939; baseline 0 -19"><span class='ocrx_word' id='word_1_169' title='bbox 288 2854 443 2935; x_wconf 72' lang='grc' dir='ltr'><em>Ἰουδαίαν)</em></span> <span class='ocrx_word' id='word_1_170' title='bbox 467 2851 602 2927; x_wconf 88' lang='grc' dir='ltr'><em>σταλείς,</em></span> <span class='ocrx_word' id='word_1_171' title='bbox 628 2871 693 2937; x_wconf 90' lang='lat' dir='ltr'>quo</span> <span class='ocrx_word' id='word_1_172' title='bbox 716 2853 786 2917; x_wconf 89' lang='lat' dir='ltr'>loco</span> <span class='ocrx_word' id='word_1_173' title='bbox 809 2854 1002 2936; x_wconf 87' lang='lat' dir='ltr'>praepositio</span> <span class='ocrx_word' id='word_1_174' title='bbox 1023 2851 1108 2932; x_wconf 74' lang='grc' dir='ltr'><em>παρὰ</em></span> <span class='ocrx_word' id='word_1_175' title='bbox 1119 2854 1241 2919; x_wconf 87' lang='lat' dir='ltr'>accedit</span> <span class='ocrx_word' id='word_1_176' title='bbox 1252 2855 1292 2918; x_wconf 95' lang='lat' dir='ltr'>ad</span> <span class='ocrx_word' id='word_1_177' title='bbox 1301 2855 1461 2939; x_wconf 86' lang='lat' dir='ltr'>significa-</span> 
     </span>
     <span class='ocr_line' id='line_1_22' title="bbox 288 2965 1461 3052; baseline -0.002 -17"><span class='ocrx_word' id='word_1_178' title='bbox 288 2973 409 3035; x_wconf 84' lang='lat' dir='ltr'>tionem</span> <span class='ocrx_word' id='word_1_179' title='bbox 442 2967 687 3052; x_wconf 88' lang='lat' dir='ltr'>praepositionis</span> <span class='ocrx_word' id='word_1_180' title='bbox 711 2965 781 3039; x_wconf 83' lang='grc' dir='ltr'>ὑπὸ,</span> <span class='ocrx_word' id='word_1_181' title='bbox 807 2986 1003 3051; x_wconf 90' lang='lat' dir='ltr'>quamquam</span> <span class='ocrx_word' id='word_1_182' title='bbox 1028 2985 1107 3031; x_wconf 91' lang='lat' dir='ltr'>sane</span> <span class='ocrx_word' id='word_1_183' title='bbox 1129 2968 1215 3031; x_wconf 88' lang='lat' dir='ltr'>inest</span> <span class='ocrx_word' id='word_1_184' title='bbox 1249 2970 1461 3052; x_wconf 82' lang='lat' dir='ltr'>originis</span> 
     </span>
     <span class='ocr_line' id='line_1_23' title="bbox 288 3077 1053 3167; baseline -0.005 -19"><span class='ocrx_word' id='word_1_185' title='bbox 288 3086 387 3165; x_wconf 89' lang='lat' dir='ltr'>notio,</span> <span class='ocrx_word' id='word_1_186' title='bbox 409 3081 562 3167; x_wconf 89' lang='lat' dir='ltr'>profectio</span> <span class='ocrx_word' id='word_1_187' title='bbox 585 3100 604 3144; x_wconf 92' lang='lat' dir='ltr'>a</span> <span class='ocrx_word' id='word_1_188' title='bbox 625 3077 754 3144; x_wconf 89' lang='lat' dir='ltr'>Nerone</span> <span class='ocrx_word' id='word_1_189' title='bbox 778 3081 834 3164; x_wconf 90' lang='lat' dir='ltr'>qni</span> <span class='ocrx_word' id='word_1_190' title='bbox 858 3100 932 3145; x_wconf 92' lang='lat' dir='ltr'>enm</span> <span class='ocrx_word' id='word_1_191' title='bbox 959 3082 1053 3145; x_wconf 86' lang='lat' dir='ltr'>misit</span> 
     </span>
    </p>

    <p class='ocr_par' dir='ltr' id='par_1_8' title="bbox 334 3190 1156 3278">
     <span class='ocr_line' id='line_1_24' title="bbox 334 3190 1156 3278; baseline -0.001 -20"><span class='ocrx_word' id='word_1_192' title='bbox 334 3197 386 3278; x_wconf 82' lang='lat'>39,</span> <span class='ocrx_word' id='word_1_193' title='bbox 410 3197 445 3258; x_wconf 83' lang='lat'>5:</span> <span class='ocrx_word' id='word_1_194' title='bbox 470 3190 635 3266; x_wconf 79' lang='grc' dir='ltr'><em>οίπεστοίλν</em></span> <span class='ocrx_word' id='word_1_195' title='bbox 662 3191 746 3272; x_wconf 76' lang='grc' dir='ltr'><em>παρα</em></span> <span class='ocrx_word' id='word_1_196' title='bbox 770 3192 922 3271; x_wconf 88' lang='grc' dir='ltr'><em>Ῥωμαίων</em></span> <span class='ocrx_word' id='word_1_197' title='bbox 946 3195 976 3267; x_wconf 84' lang='grc' dir='ltr'>ἐς</span> <span class='ocrx_word' id='word_1_198' title='bbox 999 3191 1156 3273; x_wconf 83' lang='grc' dir='ltr'><em>Τοίρανπα.</em></span> 
     </span>
    </p>
   </div>
   <div class='ocr_carea' id='block_1_4' title="bbox 288 3305 1550 4531">
    <p class='ocr_par' dir='ltr' id='par_1_9' title="bbox 337 3305 1459 3392">
     <span class='ocr_line' id='line_1_25' title="bbox 337 3305 1459 3392; baseline -0.002 -19"><span class='ocrx_word' id='word_1_199' title='bbox 337 3311 386 3392; x_wconf 86' lang='grc'>73,</span> <span class='ocrx_word' id='word_1_200' title='bbox 411 3311 461 3391; x_wconf 90' lang='grc'>11,</span> <span class='ocrx_word' id='word_1_201' title='bbox 490 3309 526 3372; x_wconf 89' lang='lat' dir='ltr'>l:</span> <span class='ocrx_word' id='word_1_202' title='bbox 559 3305 654 3387; x_wconf 76' lang='grc' dir='ltr'><em>ἔτυχε</em></span> <span class='ocrx_word' id='word_1_203' title='bbox 682 3305 766 3387; x_wconf 75' lang='grc' dir='ltr'><em>παρα</em></span> <span class='ocrx_word' id='word_1_204' title='bbox 788 3311 841 3372; x_wconf 79' lang='grc' dir='ltr'>τοῦ</span> <span class='ocrx_word' id='word_1_205' title='bbox 864 3315 903 3370; x_wconf 91' lang='grc' dir='ltr'>Π.</span> <span class='ocrx_word' id='word_1_206' title='bbox 928 3305 1115 3381; x_wconf 72' lang='grc' dir='ltr'><em>ἀποσταλείς</em></span> <span class='ocrx_word' id='word_1_207' title='bbox 1138 3309 1168 3380; x_wconf 85' lang='grc' dir='ltr'>ἒς</span> <span class='ocrx_word' id='word_1_208' title='bbox 1191 3307 1224 3372; x_wconf 81' lang='grc' dir='ltr'>τὸ</span> <span class='ocrx_word' id='word_1_209' title='bbox 1248 3307 1459 3388; x_wconf 77' lang='grc' dir='ltr'><em>στρατόπεδον.</em></span> 
     </span>
    </p>

    <p class='ocr_par' dir='ltr' id='par_1_10' title="bbox 289 3421 1461 3604">
     <span class='ocr_line' id='line_1_26' title="bbox 333 3421 1461 3507; baseline -0.001 -18"><span class='ocrx_word' id='word_1_210' title='bbox 333 3423 382 3489; x_wconf 89' lang='lat' dir='ltr'>De</span> <span class='ocrx_word' id='word_1_211' title='bbox 417 3428 557 3507; x_wconf 86' lang='lat' dir='ltr'>utroque</span> <span class='ocrx_word' id='word_1_212' title='bbox 590 3422 660 3486; x_wconf 93' lang='lat' dir='ltr'>loco</span> <span class='ocrx_word' id='word_1_213' title='bbox 683 3423 768 3486; x_wconf 89' lang='lat' dir='ltr'>idem</span> <span class='ocrx_word' id='word_1_214' title='bbox 793 3423 879 3487; x_wconf 89' lang='lat' dir='ltr'>valet</span> <span class='ocrx_word' id='word_1_215' title='bbox 902 3423 988 3506; x_wconf 93' lang='lat' dir='ltr'>quod</span> <span class='ocrx_word' id='word_1_216' title='bbox 1013 3423 1145 3487; x_wconf 93' lang='lat' dir='ltr'>deloco</span> <span class='ocrx_word' id='word_1_217' title='bbox 1169 3421 1310 3487; x_wconf 86' lang='lat' dir='ltr'>Zonarae</span> <span class='ocrx_word' id='word_1_218' title='bbox 1334 3424 1373 3488; x_wconf 96' lang='lat' dir='ltr'>de</span> <span class='ocrx_word' id='word_1_219' title='bbox 1397 3443 1461 3507; x_wconf 92' lang='lat' dir='ltr'>quo</span> 
     </span>
     <span class='ocr_line' id='line_1_27' title="bbox 289 3538 485 3604; baseline -0.02 0"><span class='ocrx_word' id='word_1_220' title='bbox 289 3539 384 3604; x_wconf 93' lang='lat' dir='ltr'>modo</span> <span class='ocrx_word' id='word_1_221' title='bbox 408 3538 485 3602; x_wconf 88' lang='lat' dir='ltr'>dixi.</span> 
     </span>
    </p>

    <p class='ocr_par' dir='ltr' id='par_1_11' title="bbox 288 3648 1550 4531">
     <span class='ocr_line' id='line_1_28' title="bbox 332 3648 1462 3733; baseline -0.003 -15"><span class='ocrx_word' id='word_1_222' title='bbox 332 3651 444 3718; x_wconf 88' lang='lat' dir='ltr'>Restat</span> <span class='ocrx_word' id='word_1_223' title='bbox 466 3669 553 3714; x_wconf 90' lang='lat' dir='ltr'>unus</span> <span class='ocrx_word' id='word_1_224' title='bbox 575 3650 676 3733; x_wconf 82' lang='lat' dir='ltr'>locus,</span> <span class='ocrx_word' id='word_1_225' title='bbox 700 3649 756 3732; x_wconf 92' lang='lat' dir='ltr'>qui</span> <span class='ocrx_word' id='word_1_226' title='bbox 776 3648 1002 3733; x_wconf 85' lang='lat' dir='ltr'>adiungendus</span> <span class='ocrx_word' id='word_1_227' title='bbox 1022 3666 1093 3713; x_wconf 89' lang='lat' dir='ltr'>esse</span> <span class='ocrx_word' id='word_1_228' title='bbox 1113 3648 1241 3713; x_wconf 86' lang='lat' dir='ltr'>videtur</span> <span class='ocrx_word' id='word_1_229' title='bbox 1253 3649 1342 3715; x_wconf 91' lang='lat' dir='ltr'>hisce</span> <span class='ocrx_word' id='word_1_230' title='bbox 1355 3649 1462 3716; x_wconf 88' lang='lat' dir='ltr'>verbis</span> 
     </span>
     <span class='ocr_line' id='line_1_29' title="bbox 289 3759 1462 3846; baseline 0.003 -18"><span class='ocrx_word' id='word_1_231' title='bbox 289 3765 440 3830; x_wconf 87' lang='lat' dir='ltr'>veniendi</span> <span class='ocrx_word' id='word_1_232' title='bbox 464 3764 645 3828; x_wconf 89' lang='lat' dir='ltr'>coniunctis</span> <span class='ocrx_word' id='word_1_233' title='bbox 668 3781 741 3826; x_wconf 94' lang='lat' dir='ltr'>cum</span> <span class='ocrx_word' id='word_1_234' title='bbox 762 3763 998 3846; x_wconf 89' lang='lat' dir='ltr'>praepositione</span> <span class='ocrx_word' id='word_1_235' title='bbox 1011 3759 1105 3842; x_wconf 81' lang='grc' dir='ltr'><em>παρα,</em></span> <span class='ocrx_word' id='word_1_236' title='bbox 1119 3763 1196 3845; x_wconf 91' lang='lat' dir='ltr'>quia</span> <span class='ocrx_word' id='word_1_237' title='bbox 1208 3764 1297 3827; x_wconf 89' lang='lat' dir='ltr'>notio</span> <span class='ocrx_word' id='word_1_238' title='bbox 1311 3767 1462 3831; x_wconf 88' lang='lat' dir='ltr'>veniendi</span> 
     </span>
     <span class='ocr_line' id='line_1_30' title="bbox 288 3874 1462 3961; baseline 0 -19"><span class='ocrx_word' id='word_1_239' title='bbox 288 3881 383 3960; x_wconf 86' lang='lat' dir='ltr'>inest,</span> <span class='ocrx_word' id='word_1_240' title='bbox 412 3896 527 3961; x_wconf 90' lang='lat' dir='ltr'>nempe</span> <span class='ocrx_word' id='word_1_241' title='bbox 560 3877 610 3958; x_wconf 83' lang='lat'>50,</span> <span class='ocrx_word' id='word_1_242' title='bbox 634 3877 663 3958; x_wconf 91' lang='grc'>9,</span> <span class='ocrx_word' id='word_1_243' title='bbox 690 3877 724 3938; x_wconf 90' lang='lat' dir='ltr'>l:</span> <span class='ocrx_word' id='word_1_244' title='bbox 750 3875 854 3949; x_wconf 73' lang='grc' dir='ltr'><em>ἐπειδὴ</em></span> <span class='ocrx_word' id='word_1_245' title='bbox 878 3874 920 3939; x_wconf 77' lang='grc' dir='ltr'>τίς</span> <span class='ocrx_word' id='word_1_246' title='bbox 944 3875 1095 3956; x_wconf 74' lang='grc' dir='ltr'><em>χρήματα</em></span> <span class='ocrx_word' id='word_1_247' title='bbox 1119 3874 1205 3955; x_wconf 82' lang='grc' dir='ltr'><em>παρα</em></span> <span class='ocrx_word' id='word_1_248' title='bbox 1227 3880 1280 3940; x_wconf 79' lang='grc' dir='ltr'>τοῦ</span> <span class='ocrx_word' id='word_1_249' title='bbox 1305 3876 1462 3944; x_wconf 88' lang='grc' dir='ltr'><em>Ἀντωνίον</em></span> 
     </span>
     <span class='ocr_line' id='line_1_31' title="bbox 290 3988 1463 4075; baseline 0.002 -19"><span class='ocrx_word' id='word_1_250' title='bbox 290 3991 425 4073; x_wconf 79' lang='grc' dir='ltr'><em>παρόντα</em></span> <span class='ocrx_word' id='word_1_251' title='bbox 459 3991 571 4072; x_wconf 72' lang='grc' dir='ltr'><em>ᾔσθετο.</em></span> <span class='ocrx_word' id='word_1_252' title='bbox 607 3988 679 4054; x_wconf 89' lang='grc' dir='ltr'>Ηοο</span> <span class='ocrx_word' id='word_1_253' title='bbox 714 3989 784 4052; x_wconf 93' lang='lat' dir='ltr'>loco</span> <span class='ocrx_word' id='word_1_254' title='bbox 818 3991 929 4073; x_wconf 91' lang='lat' dir='ltr'>paucis</span> <span class='ocrx_word' id='word_1_255' title='bbox 965 3988 1072 4054; x_wconf 87' lang='lat' dir='ltr'>verbis</span> <span class='ocrx_word' id='word_1_256' title='bbox 1107 3990 1147 4054; x_wconf 92' lang='lat' dir='ltr'>de</span> <span class='ocrx_word' id='word_1_257' title='bbox 1181 3990 1279 4054; x_wconf 88' lang='lat' dir='ltr'>verbo</span> <span class='ocrx_word' id='word_1_258' title='bbox 1303 3993 1390 4075; x_wconf 93' lang='lat' dir='ltr'>quod</span> <span class='ocrx_word' id='word_1_259' title='bbox 1414 3999 1463 4058; x_wconf 93' lang='lat' dir='ltr'>est</span> 
     </span>
     <span class='ocr_line' id='line_1_32' title="bbox 290 4102 1550 4187; baseline 0.003 -17"><span class='ocrx_word' id='word_1_260' title='bbox 290 4112 426 4186; x_wconf 71' lang='lat' dir='ltr'>repebat</span> <span class='ocrx_word' id='word_1_261' title='bbox 462 4104 633 4170; x_wconf 90' lang='lat' dir='ltr'>dicendum</span> <span class='ocrx_word' id='word_1_262' title='bbox 670 4103 805 4167; x_wconf 87' lang='lat' dir='ltr'>videtur.</span> <span class='ocrx_word' id='word_1_263' title='bbox 842 4103 940 4186; x_wconf 85' lang='lat' dir='ltr'>Apud</span> <span class='ocrx_word' id='word_1_264' title='bbox 976 4102 1095 4167; x_wconf 91' lang='lat' dir='ltr'>multos</span> <span class='ocrx_word' id='word_1_265' title='bbox 1130 4104 1302 4187; x_wconf 89' lang='lat' dir='ltr'>scriptores</span> <span class='ocrx_word' id='word_1_266' title='bbox 1337 4108 1371 4169; x_wconf 90' lang='lat' dir='ltr'>in</span> <span class='ocrx_word' id='word_1_267' title='bbox 1402 4107 1462 4171; x_wconf 91' lang='lat' dir='ltr'>boc</span> <span class='ocrx_word' id='word_1_268' title='bbox 1548 4169 1550 4174; x_wconf 89' lang='lat'><em>.</em></span> 
     </span>
     <span class='ocr_line' id='line_1_33' title="bbox 288 4216 1462 4298; baseline 0.002 -14"><span class='ocrx_word' id='word_1_269' title='bbox 288 4221 387 4286; x_wconf 80' lang='lat' dir='ltr'>verbo</span> <span class='ocrx_word' id='word_1_270' title='bbox 420 4222 506 4284; x_wconf 88' lang='lat' dir='ltr'>inest</span> <span class='ocrx_word' id='word_1_271' title='bbox 540 4218 589 4282; x_wconf 88' lang='lat' dir='ltr'>vis</span> <span class='ocrx_word' id='word_1_272' title='bbox 625 4216 785 4298; x_wconf 85' lang='lat' dir='ltr'>movendi,</span> <span class='ocrx_word' id='word_1_273' title='bbox 818 4217 863 4280; x_wconf 87' lang='lat' dir='ltr'>ita</span> <span class='ocrx_word' id='word_1_274' title='bbox 897 4224 934 4280; x_wconf 91' lang='lat' dir='ltr'>ut</span> <span class='ocrx_word' id='word_1_275' title='bbox 969 4222 1115 4281; x_wconf 89' lang='lat' dir='ltr'>occurrat</span> <span class='ocrx_word' id='word_1_276' title='bbox 1144 4219 1356 4283; x_wconf 88' lang='lat' dir='ltr'>coniunctum</span> <span class='ocrx_word' id='word_1_277' title='bbox 1387 4240 1462 4286; x_wconf 90' lang='lat' dir='ltr'>cum</span> 
     </span>
     <span class='ocr_line' id='line_1_34' title="bbox 289 4328 1462 4419; baseline -0.002 -21"><span class='ocrx_word' id='word_1_278' title='bbox 289 4330 580 4419; x_wconf 89' lang='lat' dir='ltr'>praepositionibus</span> <span class='ocrx_word' id='word_1_279' title='bbox 615 4329 696 4409; x_wconf 77' lang='grc' dir='ltr'><em>πρὸς,</em></span> <span class='ocrx_word' id='word_1_280' title='bbox 721 4329 760 4402; x_wconf 86' lang='grc' dir='ltr'>ἐς,</span> <span class='ocrx_word' id='word_1_281' title='bbox 784 4328 836 4392; x_wconf 79' lang='grc' dir='ltr'>ἐπὶ</span> <span class='ocrx_word' id='word_1_282' title='bbox 860 4332 896 4408; x_wconf 88' lang='grc' dir='ltr'>(ο.</span> <span class='ocrx_word' id='word_1_283' title='bbox 921 4331 997 4410; x_wconf 83' lang='lat' dir='ltr'>acc.)</span> <span class='ocrx_word' id='word_1_284' title='bbox 1020 4329 1069 4409; x_wconf 71' lang='grc' dir='ltr'>ἐκ,</span> <span class='ocrx_word' id='word_1_285' title='bbox 1094 4329 1233 4413; x_wconf 84' lang='lat' dir='ltr'>legimus</span> <span class='ocrx_word' id='word_1_286' title='bbox 1256 4349 1281 4395; x_wconf 92' lang='lat' dir='ltr'>e.</span> <span class='ocrx_word' id='word_1_287' title='bbox 1305 4353 1351 4416; x_wconf 84' lang='lat' dir='ltr'>gr.</span> <span class='ocrx_word' id='word_1_288' title='bbox 1377 4337 1462 4419; x_wconf 90' lang='lat' dir='ltr'>apud</span> 
     </span>
     <span class='ocr_line' id='line_1_35' title="bbox 289 4440 1462 4531; baseline 0.003 -22"><span class='ocrx_word' id='word_1_289' title='bbox 289 4447 540 4531; x_wconf 85' lang='lat' dir='ltr'>Xenophontem</span> <span class='ocrx_word' id='word_1_290' title='bbox 569 4441 653 4525; x_wconf 81' lang='lat' dir='ltr'>(Cyr.</span> <span class='ocrx_word' id='word_1_291' title='bbox 677 4444 706 4525; x_wconf 84' lang='grc'>6,</span> <span class='ocrx_word' id='word_1_292' title='bbox 727 4444 755 4519; x_wconf 78' lang='lat'>2,</span> <span class='ocrx_word' id='word_1_293' title='bbox 778 4443 849 4522; x_wconf 71' lang='lat' dir='ltr'>dot:</span> <span class='ocrx_word' id='word_1_294' title='bbox 883 4440 923 4513; x_wconf 88' lang='grc' dir='ltr'>είς</span> <span class='ocrx_word' id='word_1_295' title='bbox 946 4441 1000 4516; x_wconf 70' lang='grc' dir='ltr'>τὴν</span> <span class='ocrx_word' id='word_1_296' title='bbox 1024 4440 1216 4518; x_wconf 72' lang='grc' dir='ltr'><em>τεταγμένην</em></span> <span class='ocrx_word' id='word_1_297' title='bbox 1242 4443 1353 4524; x_wconf 76' lang='grc' dir='ltr'><em>χώραν,</em></span> <span class='ocrx_word' id='word_1_298' title='bbox 1378 4447 1462 4530; x_wconf 81' lang='lat' dir='ltr'>(Cyr.</span> 
     </span>
    </p>
   </div>
   <div class='ocr_carea' id='block_1_5' title="bbox 0 0 1710 5212">
    <p class='ocr_par' dir='ltr' id='par_1_12' title="bbox 0 0 1710 5212">
     <span class='ocr_line' id='line_1_36' title="bbox 0 0 1710 5212; baseline 0 0"><span class='ocrx_word' id='word_1_299' title='bbox 0 0 1710 5212; x_wconf 95' lang='lat' dir='ltr'> </span> 
     </span>
    </p>
   </div>
  </div>
 </body>
</html>
