3378 5212
792 503 855 567 141
894 453 918 589 'v

237 691 321 773 παρὰ
351 691 401 756 τδν
430 691 572 770 κείμενον,
596 689 626 767 ίς
650 693 732 756 ἐστιν
755 689 879 772 Χριστὸς
902 689 1014 766 Ἰησοῦς
1037 691 1296 770 (fundamentum
1320 693 1406 756 enim

235 807 325 870 aliud
348 826 443 870 nomo
462 809 566 871 iacere
585 813 688 891 potest
708 812 833 890 praeter
844 807 963 869 iactum
979 807 1065 889 quod
1077 811 1125 871 est
1138 805 1285 871 christus
1297 805 1410 884 lesus).

280 920 336 1004 48,
359 920 390 1003 4,
417 921 453 983 l:
477 920 555 994 αὐτὴ
580 918 623 984 τίν
649 919 824 1001 πράγματα
848 917 1034 998 διεχείριζεν,
1061 915 1138 984 ίίοτε
1160 919 1242 997 μήτε
1263 917 1317 990 τίον
1339 917 1409 996 βον-

238 1032 292 1106 λὶρν
327 1033 408 1110 μήτε
442 1033 491 1098 τὸν
522 1034 615 1112 δῆμον
639 1031 719 1098 ίολλο
742 1057 773 1098 τι
800 1031 884 1112 παροδ
907 1031 940 1096 ri
965 1030 1056 1112 ἐκείνιρ
1081 1032 1181 1097 δοκοῦν
1207 1030 1410 1113 χρηματίζειν

236 1145 363 1231 (Fulvia
398 1149 628 1232 rempublicam
663 1151 733 1232 ipsa
763 1148 999 1212 administravit
1021 1148 1065 1210 ito
1090 1151 1125 1211 ut
1149 1165 1256 1232 neque
1279 1150 1410 1210 senatus

236 1280 343 1346 neque
364 1261 506 1345 populus
530 1263 707 1346 quidquam
731 1261 820 1325 aliud
843 1264 1066 1345 praeterquam
1091 1260 1178 1344 qnod
1200 1261 1263 1344 ipsi
1286 1259 1409 1323 videre·

235 1379 289 1438 tur
312 1375 495 1460 statueret).

280 1486 351 1551 Hoc
385 1488 464 1570 loco,
500 1492 577 1572 quia
611 1489 718 1573 agitur
752 1489 791 1553 de
825 1487 1001 1565 vocabulis,
1026 1508 1109 1572 qnae
1144 1489 1406 1553 discrimen

237 1601 427 1685 significant,
451 1603 621 1667 dicendum
647 1603 776 1667 videtur
800 1603 839 1667 de
862 1604 931 1667 loco
955 1603 1009 1686 41,
1030 1604 1061 1686 3,
1082 1604 1113 1687 3,
1135 1602 1190 1666 ubi
1203 1595 1333 1670 Cassius
1347 1600 1408 1664 Dio

235 1715 269 1776 in
295 1718 476 1779 narratione
499 1717 539 1780 de
562 1715 714 1782 caedibus
737 1718 927 1800 perpetratis
950 1715 1071 1780 Romae
1094 1736 1179 1780 anno
1203 1717 1245 1780 43
1269 1736 1296 1779 a.
1321 1713 1354 1778 Ο.
1378 1735 1409 1778 n.

238 1830 432 1892 mentionem
467 1829 544 1894 facit
575 1831 613 1894 de
638 1829 764 1894 Sullani
786 1831 939 1914 temporis
963 1832 1109 1909 iniuriis3
1134 1828 1341 1912 omniafere,
1365 1829 1412 1893 sic

237 1941 299 2024 ille,
335 1945 550 2026 consentiunt,
586 1945 648 2009 nisi
683 1944 769 2027 quod
801 1944 884 2008 duae
908 1954 996 2008 nunc
1018 1944 1147 2008 tabulae
1169 1944 1411 2027 proscriptionis

237 2062 322 2120 sunt.
357 2058 446 2119 τοῦτο
481 2055 512 2119 δὲ
546 2055 578 2120 οὐ
615 2078 649 2119 τι.
685 2054 743 2128 τοὶς
778 2053 908 2137 σφαγὰς
943 2054 1000 2129 τοὶς
1031 2057 1060 2119 ἐν
1091 2056 1133 2136 τῷ
1159 2055 1226 2136 πρίν
1248 2054 1410 2133 γενομένας

239 2165 436 2251 παρήλλαξεν
469 2169 514 2254 (id
540 2189 615 2235 vero
639 2170 767 2234 nullum
790 2170 893 2236 effecit
915 2171 1088 2235 discrimen
1109 2191 1127 2234 a
1150 2169 1302 2234 caedibus
1327 2188 1410 2253 quae

237 2283 312 2347 olim
336 2291 427 2347 orant
448 2282 569 2362 factae).
593 2283 682 2348 Solet
706 2285 782 2347 huic
805 2283 904 2348 verbo
927 2285 1002 2348 addi
1025 2285 1218 2368 praepositio
1245 2283 1316 2364 πρὸς
1335 2303 1410 2347 cum

237 2399 429 2477 accusativo,
453 2418 650 2482 quamquam
675 2417 752 2462 sane
776 2417 840 2462 non
866 2399 984 2463 desunt
1007 2400 1154 2482 exempla
1178 2398 1297 2483 quibus
1320 2399 1410 2481 geni-

236 2513 323 2575 tivus
359 2513 414 2595 qui
451 2512 568 2575 dicitur
598 2512 844 2596 comparationis
876 2514 1026 2593 occurrit,
1062 2516 1097 2576 ut
1131 2512 1219 2596 apud
1241 2511 1409 2577 Platonem

237 2630 278 2709 (p.
303 2626 366 2689 957
391 2625 440 2689 B:
465 2621 521 2690 ὅσα
546 2623 764 2705 παραλλάττει
789 2629 846 2689 τῶν
870 2626 900 2689 ἐν
922 2631 991 2698 ταῖς
1008 2622 1126 2698 ἄλλαις
1146 2624 1253 2690 τίλεοι
1274 2624 1411 2708 δικαίων),

237 2741 293 2803 sed
326 2741 390 2802 iarn
422 2739 507 2822 apud
539 2737 732 2820 Dionysium
765 2738 1084 2804 Halicarnassensem
1110 2741 1301 2824 praepositio
1325 2738 1410 2820 ταρὰ

237 2873 310 2917 cum
346 2851 548 2918 substantivo
584 2853 705 2916 verbali
741 2851 931 2932 παραλλαγὴ
966 2854 1140 2918 coniuncta
1169 2855 1334 2918 invenitur
1357 2853 1411 2938 (do

237 2987 339 3051 comp.
375 2967 461 3032 verb.
493 2967 547 3050 84,
577 2967 599 3029 4
631 2966 676 3031 R:
708 2963 768 3042 ἕξει
798 2967 894 3048 οίκαρῆ
926 2990 995 3031 τινα
1019 2967 1225 3047 παραλλαγὴν
1251 2965 1334 3048 ταρίι
1357 2965 1411 3040 τὴν

239 3079 405 3164 προτέραν).

282 3307 548 3372 Exclusiva
583 3326 666 3390 qnae
701 3307 819 3372 dicitur
853 3309 902 3372 vis
937 3308 1181 3392 praepositionis
1215 3305 1298 3388 ταρδι
1330 3326 1413 3391 quae

238 3441 263 3486 e.
275 3443 304 3506 g.
329 3423 468 3485 occurrit
490 3423 524 3485 in
549 3420 710 3486 locutione
734 3421 970 3504 Aristophanen
1001 3419 1053 3484 οὐκ
1078 3418 1142 3484 ἔστι
1164 3443 1199 3493 τ,
1220 3416 1411 3485 ταῦτ’ἄλλα

239 3534 333 3615 (Nub.
369 3533 450 3614 6983
488 3533 581 3618 Vesp.
617 3534 720 3615 1166;
754 3533 1035 3616 Pac.110),oum
1062 3533 1181 3617 quibus
1205 3533 1312 3598 verbis
1336 3553 1410 3598 eon-

238 3648 312 3713 ferri
347 3653 497 3732 poterunt
531 3648 675 3712 Platonis
708 3648 804 3712 verba
828 3648 971 3732 (Phaedo
995 3669 1024 3732 p,
1050 3649 1110 3712 107
1136 3647 1197 3732 A):
1221 3645 1322 3712 οὔκουν
1347 3645 1409 3726 ἔχω

240 3786 274 3826 τι.
310 3765 412 3826 ταῦτα
446 3758 525 3826 ἄλλο
560 3786 590 3825 τι
626 3760 735 3838 λέγειν,
773 3782 837 3826 uno
872 3763 943 3826 loco
966 3764 1133 3826 invenitur
1155 3763 1240 3846 apud
1263 3760 1411 3843 Dionem,

239 3896 373 3940 numero
404 3877 543 3960 quodam
577 3877 694 3958 addito,
718 3895 832 3960 nempe
856 3876 909 3959 58,
933 3877 987 3959 20,
1011 3877 1049 3940 5:
1075 3873 1297 3940 πεντεκαίδεκα
1320 3898 1411 3956 στρα-

239 3987 326 4067 τκχοί
362 3987 503 4066 ἐγένοντο·
535 3987 588 4053 καί
618 3993 705 4054 τοῦτο
737 3988 790 4053 καί
813 3987 866 4052 ἐντί
893 3989 999 4054 τολλίο
1022 3987 1074 4062 ἔτη
1099 3989 1220 4068 συνέβη,
1245 3987 1321 4054 ίίοτε
1346 3988 1410 4054 ἔστ’

240 4104 295 4181 μὲν
326 4099 376 4167 ὅτε
407 4101 574 4167 ἑκκαίδεκα
605 4101 722 4168 ἔστιδ’
747 4101 796 4168 ὅτε
820 4105 892 4184 παρ’
918 4101 968 4168 ἕνα
993 4103 1009 4179 ἢ
1033 4103 1086 4169 καί
1110 4103 1159 4168 δύο
1181 4107 1409 4186 χειροτονεῖσθαι

240 4219 438 4301 (quindecim
473 4225 634 4301 praetores
669 4218 818 4296 fuerunt3
848 4221 947 4302 idque
980 4221 1088 4284 multis
1113 4221 1206 4284 annis
1224 4221 1353 4302 accidit,
1379 4227 1413 4284 ut

239 4351 473 4416 nonnunquam
500 4332 639 4396 sedecim
665 4351 900 4416 nonnunquam
926 4353 991 4397 uno
1014 4339 1070 4397 aut
1094 4334 1221 4398 dnobus
1244 4335 1412 4417 pauciores

240 4444 375 4530 fierent).
398 4444 569 4509 Eiusmodi
592 4445 739 4529 exempla
763 4445 917 4511 habemus
941 4447 1027 4530 apud
1050 4446 1247 4511 Herodotum
1275 4447 1321 4531 (9,
1335 4448 1410 4532 33):
