3378 5222
826 553 868 616 32

258 741 429 826 ponimus3
460 734 598 816 ἐλπίζειν
618 759 648 800 τι
672 732 757 816 παρύ
779 758 857 807 τινος
881 740 917 799 ut
939 735 1026 819 apud
1048 733 1280 820 Thucydidem,
1301 736 1437 803 Demos·

259 856 387 920 theuem
420 853 566 937 aliosque
595 852 641 915 ita
664 851 750 933 apud
773 848 922 914 Cossium
945 847 1084 913 Dionem
1108 850 1283 932 invenitur,
1306 871 1348 916 ex
1371 870 1437 936 quo

260 967 358 1034 verbo
388 965 627 1030 substantivum
653 961 745 1035 ἐλπίς
768 982 899 1048 quoque
923 964 1102 1027 derivatum
1127 963 1187 1026 hoo
1211 963 1280 1028 loeo
1304 985 1436 1050 praepo·

258 1084 410 1147 sitionem
435 1077 520 1159 rapot
543 1079 702 1159 adsciscit,
725 1080 770 1142 ita
793 1084 830 1143 ut
853 1078 886 1141 ωί
911 1101 945 1141 π.
965 1086 1021 1152 τῆς
1040 1076 1144 1156 τύχης
1164 1076 1292 1151 ἐλπίδες
1303 1079 1437 1144 reddere

258 1197 422 1280 possimus
444 1188 466 1257 ἃ
491 1215 525 1256 π.
551 1199 606 1266 τῆς
629 1191 733 1271 τύχης
758 1191 938 1272 παρέσεσθαι
964 1193 1036 1269 ἡμῖν
1059 1189 1236 1271 ἐλπίζομεν.

303 1305 391 1372 Alibi
414 1324 544 1390 quoque
567 1305 600 1369 αί
624 1328 659 1368 π.
686 1327 763 1377 τινος
786 1303 914 1377 ἐλπίδες
938 1311 1115 1369 occurrunt
1138 1324 1254 1389 nempe
1275 1306 1392 1389 4341,
1408 1306 1436 1389 3,

250 1409 290 1488 ὀί
313 1422 331 1496 ἦ
356 1442 390 1483 π.
416 1441 493 1491 τινος
517 1417 606 1491 ἐλπὶς
630 1419 682 1501 46,
707 1417 759 1500 37,
782 1421 821 1499 43

304 1533 397 1612 Quod
432 1535 545 1598 attinet
580 1533 619 1597 ad
657 1532 754 1596 verbe
787 1541 824 1613 τῇ
860 1555 895 1595 π.
929 1539 984 1605 τῆς
1015 1531 1118 1612 τύχης
1149 1535 1223 1614 ῥοπῇ
1257 1529 1340 1597 κατσί
1362 1555 1437 1606 τινος

260 1647 400 1729 χρῆσθαι,
434 1645 501 1712 fere
535 1648 690 1711 omissum
728 1647 857 1710 videtur
890 1647 1094 1730 participium
1128 1643 1290 1726 γιγνομένη
1323 1649 1369 1710 ita
1400 1652 1437 1711 ut

256 1762 418 1826 indicetur
451 1764 749 1840 momentum,
780 1759 1045 1823 discrimen
1077 1759 1359 1843 quodofortuna
1382 1759 1435 1841 fit3

261 1875 420 1941 eiusmodi
443 1875 553 1959 itaque
577 1873 749 1937 discrimen
768 1873 875 1937 inesse
895 1873 1436 1957 videturinterutrumquetocum‚

260 1995 298 2056 ut
327 1990 363 2053 in
392 1991 499 2073 priore
522 1986 671 2071 exemplo
694 1985 737 2064 (αἱ
761 2009 795 2049 π.
820 1991 876 2059 τῆς
898 1984 1001 2066 τύχης
1024 1985 1165 2068 ἐλπίδες)
1189 1988 1206 2061 ἡ
1230 1986 1316 2068 τύχη
1342 1991 1436 2073 quasi

262 2121 400 2188 persona
432 2103 592 2186 cogitetur
626 2121 645 2165 a
676 2121 740 2185 qua
763 2105 987 2184 exspectamus
1011 2101 1104 2166 nobis
1128 2101 1207 2185 quid
1231 2103 1337 2186 affore,
1360 2123 1436 2168 nam

259 2217 292 2281 αἱ
325 2237 359 2278 τ.
392 2220 448 2288 τῆς
477 2213 580 2293 τύχης
603 2212 732 2287 ἐλπίδες
756 2233 828 2299 spes
852 2219 930 2279 sunt
954 2235 1050 2298 quam
1074 2235 1092 2279 a
1115 2215 1247 2280 fortuna
1270 2223 1435 2302 exspecta·

261 2349 352 2410 mus3
387 2330 422 2392 in
457 2331 633 2414 posteriore
667 2334 774 2393 autem
806 2328 823 2402 ἡ
855 2325 940 2406 τύχη
965 2328 1086 2393 indicet
1106 2331 1199 2413 quasi
1222 2350 1437 2414 persomme

260 2463 324 2528 qua
356 2442 435 2526 quid
465 2440 511 2525 fit,
542 2462 615 2506 nam
648 2441 665 2513 ἡ
691 2464 725 2504 τ.
751 2446 807 2514 τῆς
829 2438 933 2521 τύχης
955 2442 1030 2522 ῥσπη
1054 2442 1213 2527 significat
1248 2464 1435 2510 momen·

259 2560 350 2621 tum
386 2556 474 2640 quod
497 2557 567 2641 ipsa
590 2555 720 2621 fortuna
745 2556 828 2621 facit.

302 2671 498 2736 Addendum
533 2670 671 2753 videtur,
701 2671 787 2755 apud
819 2675 961 2735 oratores
985 2672 1115 2754 saepius
1139 2671 1193 2744 την
1217 2668 1318 2751 τύχην
1342 2674 1436 2756 quasi

258 2803 428 2869 perronam
451 2783 541 2869 fingi,
564 2787 659 2849 ouius
682 2787 729 2850 rei
750 2785 897 2868 exempla
917 2804 981 2848 non
996 2785 1436 2870 dosunt31egimussxempli

257 2899 362 2982 gratia
383 2898 470 2982 apud
491 2898 665 2963 Isocratem
690 2898 757 2978 (IV.
779 2900 848 2980 26):
870 2896 912 2962 rot
933 2920 967 2960 π.
983 2904 1038 2971 τῆς
1050 2896 1152 2978 τύχης
1166 2898 1338 2980 δωρηθέντα,
1350 2901 1436 2984 κρινῶ

258 3011 507 3078 Demosthenem
531 3013 582 3092 (de
599 3032 662 3076 cor.
685 3015 777 3093 308):
800 3035 833 3075 π.
855 3017 909 3084 τῆς
930 3010 1031 3091 τύχης
1043 3011 1241 3091 συμβέβηκεν
1254 3011 1434 3092 ἐναντίωμα,

258 3127 344 3211 apud
368 3127 496 3192 Isaeum
521 3125 592 3210 (IX.
617 3128 685 3208 15):
712 3125 754 3190 τῶ
779 3148 813 3189 π.
839 3130 895 3199 τῆς
919 3123 1023 3205 τύχης
1045 3126 1177 3208 ῶκρνβῶς
1201 3126 1366 3205 συμβῆναι.

303 3238 405 3305 Paulo
430 3240 567 3305 ulterius
590 3243 770 3325 progressis
795 3241 872 3305 haec
896 3239 989 3304 nobis
1014 3240 1193 3305 obveniunt
1216 3240 1381 3326 exempla:

303 3357 355 3438 33,
380 3353 431 3438 33,
454 3356 492 3417 2:
517 3356 609 3434 ῥητῶν
633 3352 762 3435 ἑκατέρω
786 3358 839 3434 (ιο.
863 3359 956 3435 ψυχῇ
977 3377 1012 3418 τε
1034 3352 1087 3419 καί
1109 3352 1241 3436 σώματί)
1254 3354 1326 3435 παρ’
1340 3355 1436 3428 αὐτῆς

260 3472 315 3541 τῆς
343 3465 463 3549 Φύσεως
486 3464 539 3530 καί
562 3466 682 3545 ύγαύῶν
707 3466 759 3531 καί
783 3469 881 3531 κακῶν
904 3465 1074 3544 δεδομένων.

303 3580 483 3647 Natura
506 3583 598 3666 quasi
623 3582 683 3646 dea
706 3588 816 3646 nostro
835 3582 906 3646 loco
927 3581 1071 3667 tingitur,
1084 3601 1167 3666 quae
1180 3587 1265 3646 certe
1278 3582 1434 3666 quaedam

263 3694 348 3760 bona
370 3701 467 3780 utque
490 3695 573 3760 mala
593 3695 760 3759 homiuum
774 3697 881 3759 animo
894 3701 925 3760 et
937 3697 1062 3780 corpori
1074 3695 1205 3775 tribuit;
1222 3698 1307 3760 sicut
1319 3694 1437 3761 Latine

262 3830 301 3892 „a
323 3814 439 3874 natura
462 3808 598 3874 doctus''
621 3810 767 3893 aliaeque
790 3811 948 3874 eiusmodi
967 3811 1147 3874 locutiones
1168 3815 1343 3874 occurrunt
1365 3810 1435 3893 qui-

260 3922 321 3989 bus
351 3929 485 3988 naturae
515 3941 671 4007 personae
701 3921 788 3987 fictio
812 3926 906 4004 inest,
930 3925 975 3988 ita
999 3923 1119 3988 Graece
1143 3943 1273 4008 quoque
1298 3924 1314 3998 η
1340 3921 1436 4004 φύσις

259 4055 428 4120 personam
463 4034 645 4120 significare
678 4042 799 4121 potest3
834 4043 997 4121 praeterea
1032 4044 1142 4102 nostro
1175 4038 1246 4102 loco
1271 4039 1320 4101 vis
1345 4038 1435 4103 verbi

261 4149 347 4232 quod
371 4155 419 4214 est
443 4146 578 4213 ditectio
603 4151 797 4234 perspicitur
820 4150 920 4215 facile.
946 4150 1166 4216 conferendus
1187 4152 1435 4236 estloousopud

259 4263 507 4349 Xenophontem
527 4263 659 4348 (Cyneg.
676 4266 726 4348 le,
738 4267 789 4343 tt:
815 4261 1007 4329 δνδύσκεσύαι
1020 4287 1055 4328 π.
1069 4270 1123 4338 τῆς
1137 4263 1264 4347 Φύσεως.
1278 4265 1435 4330 Isocrates

261 4375 346 4457 (XV.
374 4378 449 4458 223)
481 4379 558 4443 haec
581 4378 691 4443 hebet:
715 4374 737 4442 e
761 4402 796 4444 π.
821 4384 875 4451 τῆς
898 4378 991 4442 αὑτοῦ
1014 4377 1133 4459 Φύσεως
1156 4378 1334 4452 ἐπίσταται,
1359 4381 1435 4460 (vid.

263 4492 410 4575 exempla
440 4491 564 4557 Dionea
595 4511 637 4557 ex
660 4492 849 4577 fragmentis
875 4492 1003 4558 laudata
1025 4513 1096 4577 pag.
1121 4494 1173 4575 34,
1195 4493 1252 4557 ubi
1275 4494 1314 4559 de
1338 4496 1435 4559 insito
