3400 5212
811 531 876 595 103

257 717 310 799 69,
335 718 367 800 2,
391 719 428 781 2:
455 714 570 797 ἔγραψε
594 717 665 798 πρὸς
690 716 743 789 τὴν
766 718 878 796 βουλὴν
902 717 916 781 d
941 717 1092 798 Ἁδριανὸς
1115 716 1206 793 ἀξιῶν
1230 719 1430 798 βεβαιωθῆναι

257 829 340 909 αὐτῷ
374 830 429 903 τὴν
463 829 622 909 ἡγεμονίαν
656 829 709 895 καὶ
745 831 816 911 παρ’
853 829 960 905 ε’κείννς
995 831 1196 908 (Hadrianus
1218 834 1257 897 ad
1282 839 1430 899 senatum

256 944 379 1008 litteras
415 945 501 1009 dedit
532 966 606 1009 cum
631 946 727 1010 vellet
750 946 813 1010 sibi
837 947 1009 1029 imperium
1035 946 1077 1009 ab
1100 965 1137 1010 eo
1163 967 1294 1031 quoque
1317 948 1432 1012 confir-

257 1059 364 1136 mari);
389 1059 486 1121 sicuti
511 1059 614 1122 medio
637 1079 754 1143 genere
774 1059 946 1124 habemus:
969 1058 1181 1137 ἐβεβαιώσατο
1203 1059 1431 1139 τῆνὴρεμονίαν

256 1171 340 1252 ταρίι
375 1178 430 1246 τῆς
465 1172 589 1251 βουλῆς,
624 1176 669 1238 ita
703 1177 831 1258 passive
863 1175 924 1238 dici
956 1180 1076 1257 potest:
1103 1178 1119 1248 ἡ
1144 1174 1290 1253 ἡγεμονία
1317 1199 1350 1239 τ.
1376 1184 1431 1251 τῆς

256 1284 371 1362 βουλῆς
394 1285 564 1365 ἐβεβαιώθη
589 1287 689 1367 αθτῷ;
715 1287 781 1351 illie
806 1295 912 1352 autem
938 1287 999 1351 alio
1026 1288 1119 1352 modo
1143 1295 1241 1373 atque
1265 1291 1316 1353 hio
1336 1309 1431 1354 usur-

256 1404 329 1482 pata
364 1406 413 1463 est
446 1401 655 1484 praepositi03
692 1400 778 1483 quod
813 1401 853 1464 ad
887 1400 1027 1464 medium
1059 1403 1174 1465 attinet
1196 1420 1310 1486 genus,
1334 1422 1432 1486 supra

256 1514 483 1597 explicuimus,
516 1517 645 1598 passivo
680 1520 788 1579 autem
823 1533 941 1598 genere
973 1516 1166 1598 praepositio
1192 1515 1277 1595 ταρὰ
1301 1534 1431 1600 praepo·

256 1627 364 1690 sitioni
388 1627 447 1691 ὑπὸ
469 1627 535 1692 fere
547 1627 787 1712 aequiperando
799 1634 848 1693 est
860 1628 1047 1692 discrimine
1060 1629 1184 1712 vulgari
1199 1630 1432 1694 animadverso.

257 1738 337 1804 (ium
363 1742 448 1824 apud
472 1740 721 1805 Demosthenem
747 1741 793 1825 (7,
816 1741 870 1825 10)
891 1742 1046 1825 legimus:
1069 1745 1171 1805 ταῦτα
1185 1739 1331 1818 βούλεται
1344 1741 1431 1806 raiba-

257 1853 386 1932 νάματα
422 1854 494 1934 παρ’
530 1854 600 1932 ὑμῖν
633 1853 875 1933 βεβαιώσασθαι,
900 1875 964 1919 non
990 1861 1038 1919 est
1061 1856 1267 1939 cogitandum
1293 1856 1332 1920 de
1356 1875 1431 1920 con-

256 1967 436 2032 firmatione
470 1968 509 2032 ab
543 1969 792 2033 Atheniensium
818 1975 906 2052 parte
929 1970 998 2033 sive
1021 1989 1078 2052 per
1100 1969 1317 2035 Athenienses
1339 1970 1432 2051 faeta,

256 2082 312 2146 sed
334 2082 445 2146 localis
468 2084 554 2147 inest
577 2085 626 2147 vis
650 2084 879 2167 praepositioni
905 2102 978 2146 cum
1003 2083 1128 2146 dativo:
1157 2102 1282 2164 „eoram
1309 2083 1431 2148 vobis’'.

299 2194 410 2259 Restat
435 2215 534 2259 unum
560 2196 745 2279 exemplum
771 2196 858 2280 quod
882 2196 1041 2280 singulari
1063 2216 1124 2260 usn
1145 2215 1216 2261 esse
1228 2197 1429 2263 videbimus:

299 2309 336 2374 fr.
360 2310 414 2394 85,
440 2312 476 2374 2:
501 2308 554 2373 καὶ
580 2311 650 2390 παρ’
676 2308 784 2374 ἐκείνου
812 2309 877 2394 (sc.
900 2310 1050 2389 αὐλητοῦ)
1075 2309 1283 2382 ὑπαυλοῦντίς
1296 2310 1321 2373 οἱ
1334 2311 1427 2390 ε’ρρνθ-

256 2420 361 2502 μίζετο
393 2422 445 2486 καί
477 2422 659 2504 ἐμετρίαζεν,
691 2422 707 2497 ἢ
732 2422 785 2488 καί
809 2421 837 2486 εί
860 2447 902 2504 στρ
927 2423 979 2487 καί
1001 2419 1037 2495 ὣς
1062 2419 1228 2497 ἑξέτιττεν
1252 2421 1427 2489 καθίστατο.

258 2537 363 2634 Verba
398 2544 475 2603 sunt
508 2539 547 2602 de
578 2537 610 2602 Ο.
635 2537 778 2602 Graccho
802 2539 896 2618 dicta,
920 2539 986 2622 qai,
1010 2557 1083 2601 cum
1110 2543 1140 2602 et
1164 2543 1427 2623 argumentorum

256 2652 346 2735 copia
381 2657 412 2717 et
446 2651 618 2717 verborum
655 2653 856 2716 vehementia
890 2653 923 2714 in
949 2652 1084 2715 dicendo
1109 2659 1254 2716 uteretur
1277 2653 1428 2733 maxima,

256 2771 352 2850 atque
385 2767 458 2831 ideo
494 2768 549 2829 vix
585 2786 619 2831 se
652 2767 722 2850 ipse
746 2767 911 2830 continere
934 2772 1051 2849 posset,
1075 2767 1153 2848 quin
1179 2767 1366 2849 saepissime
1389 2766 1429 2830 ad

256 2898 293 2943 ea
328 2899 411 2963 quae
446 2882 578 2945 minime
613 2881 697 2946 dicta
732 2881 827 2945 vellet
861 2881 1062 2964 abriperetur
1097 2882 1229 2962 invitus,
1264 2881 1427 2944 tibicinem

256 2993 414 3058 deducere
437 3013 546 3058 secum
572 2993 702 3076 solebat,
726 2992 777 3056 καί
803 2992 875 3073 παρ’
900 2991 1008 3057 ἐκείνου
1033 3017 1061 3056 κ.
1075 3017 1104 3057 τ.
1118 2993 1140 3055 ἑ.

299 3107 443 3172 Verbum
481 3105 667 3187 ῥυθμίζεσθαι
703 3127 776 3171 cum
813 3107 911 3170 verbo
943 3105 1112 3187 μετριάζειν
1135 3112 1244 3170 nostro
1268 3108 1337 3171 loco
1362 3114 1429 3172 arte

256 3221 424 3286 cohaerere
458 3239 553 3285 nemo
588 3241 652 3284 non
684 3222 786 3299 videt3
813 3218 986 3300 μετριάζειν
1009 3226 1126 3301 autem,
1151 3221 1238 3305 quod
1261 3223 1429 3286 transitive

256 3354 387 3419 quoque
410 3335 497 3420 apud
519 3332 655 3398 Dionem
680 3337 829 3416 occurrit,
853 3339 962 3398 nostro
976 3335 1044 3399 loco
1058 3336 1153 3399 sicuti
1166 3336 1427 3418 saepiusintran·

255 3451 349 3514 sitive
373 3455 547 3533 usurpatur
571 3468 667 3513 sensu
695 3450 798 3513 medio
823 3451 892 3513 sive
915 3451 1052 3532 passivo.
1078 3448 1130 3512 Sic
1149 3468 1280 3532 quoque
1293 3448 1426 3514 verbum

255 3561 439 3643 ρ’νθμίζεσθαι
465 3565 592 3647 passivo
616 3568 713 3646 atque
738 3563 842 3628 medio
866 3582 964 3627 sensu
989 3564 1089 3646 accipi
1113 3567 1226 3646 potest.

300 3675 383 3753 Quia
405 3684 511 3741 autem
538 3677 670 3742 verbum
692 3675 861 3757 μετριάζειν
881 3676 1229 3760 absoluteusurpatum
1243 3678 1428 3760 saepissime

255 3792 341 3874 apud
382 3791 531 3856 Cassium
573 3794 713 3855 occurrit
749 3794 880 3855 notione
914 3790 1070 3855 reflexiva
1106 3790 1348 3855 moderate
1382 3809 1428 3855 se

254 3923 394 3987 geren
409 3905 472 3985 di,
496 3905 556 3967 hoc
579 3905 649 3967 loco
674 3901 862 3983 ῥυθμίζεσθαι
886 3903 1040 3969 reflexive
1061 3904 1426 3988 quoqueaccipiendum

256 4019 333 4081 mihi
357 4020 483 4084 videtur
503 4019 737 4104 significatione
757 4039 791 4084 se
811 4019 1033 4102 componendi.
1053 4017 1235 4083 Verborum
1255 4024 1427 4083 contextus

254 4132 364 4216 itaque
395 4134 442 4197 sic
474 4133 550 4195 mihi
582 4132 795 4216 explicandus
827 4133 972 4196 ridetur:
997 4134 1184 4196 succinente
1207 4132 1286 4196 tibia
1308 4132 1363 4195 illo
1386 4133 1426 4195 ad

255 4247 505 4310 moderationem
542 4266 576 4311 se
611 4246 829 4330 componebat.
861 4244 1029 4322 Quomodo
1053 4250 1161 4310 autem
1181 4246 1427 4330 praepositionis

256 4358 341 4440 ταρὰ
375 4381 455 4425 usus
490 4361 702 4444 explicandus
738 4361 788 4443 sit,
818 4379 906 4424 nunc
931 4360 1116 4424 videamus:
1141 4359 1231 4425 Idem
1255 4360 1321 4424 fere
1344 4360 1428 4425 valet

256 4473 342 4556 quod
376 4474 409 4535 in
443 4472 540 4538 verbo
565 4471 761 4551 βεβαιοῦσθαι
786 4475 946 4538 diximus:
972 4470 1154 4553 ε’ρρνθμίζετο
1179 4473 1230 4537 καί
1255 4472 1427 4554 ἐμετρίαζεν
