3378 5212
809 496 871 560 137

257 689 436 772 reperimus
467 686 554 770 apud
586 684 733 749 Cassium
758 681 905 766 Dionem,
929 683 1087 768 siquidem
1112 686 1293 768 excipimus
1317 685 1426 750 dictio-

257 819 331 864 nem
354 799 437 880 παρὰ
460 803 548 863 τοῦτο
574 818 669 882 quam
695 799 823 882 saepius
848 798 1026 881 usurpavit.

301 912 349 978 De
373 912 525 978 Cicerone
549 914 613 995 (39,
639 912 730 994 11,1
757 917 814 994 sq.)
839 911 916 976 haec
935 910 1094 994 legimns:
1119 908 1172 975 καὶ
1194 910 1248 984 την
1272 934 1307 975 τε
1326 907 1427 985 ἄλλην

257 1025 357 1091 οὐσίαν
392 1025 444 1090 καὶ
479 1025 513 1089 τδ
545 1023 658 1106 ἔδαφος
681 1032 736 1099 τῆς
759 1022 862 1096 οἰκίας,
886 1021 986 1088 καίτοι
1009 1033 1047 1105 τῇ
1072 1022 1244 1107 Ἐλειιύερίρ
1267 1021 1425 1102 οένειμένον,

258 1141 309 1205 καὶ
339 1144 391 1204 τοῦ
415 1138 545 1202 Κλωδίου
569 1136 621 1202 καί
646 1134 865 1216 ἐπιθειάζοντας
887 1136 939 1200 καὶ
963 1137 993 1210 ἐς
1016 1135 1156 1214 ἐνίομίαν
1179 1138 1262 1217 αὐτῷ
1287 1136 1426 1218 προβοίλ-

258 1269 369 1327 λοντος,
404 1251 576 1330 ἐκομίσατο.
611 1251 666 1325 την
701 1250 760 1332 νοὶρ
791 1249 921 1331 ἐσφορὰν
951 1253 1003 1315 τοῦ
1027 1254 1243 1332 Φρατριατικού
1268 1250 1366 1329 νόμον,
1391 1274 1426 1314 π.

259 1359 291 1440 ἣν
326 1369 360 1431 ἐκ
394 1369 450 1430 τῶν
485 1365 671 1445 εὐπατριδῶν
706 1366 735 1437 ἐς
765 1364 799 1428 ab
824 1365 936 1437 πλῆθος
959 1363 1133 1438 ἐπεποίητο,
1159 1362 1426 1443 διαβοίλλων....

257 1482 311 1554 την
342 1504 377 1545 τε
401 1477 573 1560 δημαρχίαν
597 1482 649 1542 τοῦ
673 1477 803 1543 Κλωδίου
828 1481 1020 1544 πῖισαν....
1043 1477 1261 1544 κατέλνε....
1286 1477 1428 1545 καί....

257 1592 360 1674 ἔπεισε
382 1594 451 1667 τοὺς
475 1591 661 1673 ποντίφικας
684 1593 718 1656 τὸ
743 1590 856 1673 ἐδαΦίς
876 1593 902 1655 οἱ
916 1639 923 1656 .
938 1643 944 1657 .
961 1640 990 1656 ..
1012 1592 1183 1657 ἀποδοῦναι.
1197 1592 1306 1658 Cicero
1318 1595 1428 1676 itaque

257 1710 290 1772 in
315 1710 476 1791 integrum
500 1709 670 1771 restitutus
694 1711 759 1786 σοι,
784 1726 858 1769 nam
879 1706 959 1790 legis
979 1708 1121 1771 curiatae
1132 1706 1429 1792 promulgationem,

260 1820 330 1901 παρ’
356 1815 389 1894 ἣν
412 1820 545 1885 Clodius
569 1839 608 1884 ex
633 1821 775 1904 patriciis
795 1819 834 1883 ad
855 1819 979 1903 plebem
993 1819 1163 1905 adoptione
1174 1822 1342 1885 traductus
1354 1825 1430 1903 erat,

257 1935 495 2020 reprehendens
509 1983 516 1998 .
532 1982 539 1997 .
555 1982 584 1999 ..
609 1938 712 1998 totum
737 1935 807 1998 sius
831 1932 1030 1998 tribunatum
1054 1935 1177 1999 evertit.

301 2049 332 2112 A
366 2047 622 2133 promulgatione
653 2045 733 2130 legis
765 2048 907 2112 curiatae
930 2046 1089 2131 pendebat
1113 2046 1216 2112 clodii
1239 2048 1279 2112 ad
1302 2045 1425 2131 plebem

257 2164 421 2242 transiti03
434 2162 668 2246 praepositione
681 2157 765 2240 παροδ
777 2159 977 2244 significatur
989 2180 1087 2225 causa
1095 2181 1132 2225 ac
1140 2163 1221 2225 ratio
1229 2162 1427 2246 adoptionis3

258 2279 370 2343 latiore
394 2275 639 2360 praepositionis
663 2293 725 2338 usu
750 2293 847 2357 quam
870 2272 1027 2339 habemus
1046 2275 1079 2337 in
1101 2274 1207 2340 verbis
1217 2274 1368 2340 Isocratis
1382 2277 1426 2358 (3,

257 2392 321 2474 48),
344 2391 401 2455 ubi
424 2394 530 2454 orator
551 2388 739 2452 adhortatur
762 2407 838 2451 suos
861 2406 903 2451 ne
925 2388 1089 2473 negligant
1113 2389 1261 2454 mandata
1286 2390 1429 2468 ὑπολαμ-

259 2503 398 2583 βοίνοντες
417 2500 466 2575 ’ὡς
499 2502 531 2566 οὐ
556 2499 640 2580 παροδ
664 2500 746 2565 τοῦτ’
771 2501 862 2573 ἐστιν,
884 2501 959 2564 ἀλλ’
985 2501 1022 2574 ὡς
1047 2525 1081 2565 π.
1106 2497 1313 2568 ἕκαστοντῶν
1336 2508 1429 2585 μερῶν

148 2644 150 2648 ·
257 2618 274 2693 ἢ
298 2621 400 2691 καλῶς
422 2614 562 2690 >isaacio
584 2615 619 2680 τδ
642 2613 770 2693 σύμπαν
794 2611 857 2690 ἐξον
881 2615 1037 2696 (arbitrati
1060 2616 1100 2682 ab
1123 2618 1173 2683 his
1197 2638 1263 2683 non
1283 2620 1430 2704 pendere,

258 2733 315 2799 sed
339 2755 357 2798 a
381 2750 512 2817 quaque
534 2735 623 2814 parte
646 2730 880 2813 mandatorum,
904 2733 1014 2795 utr'um
1039 2733 1190 2796 universa
1212 2751 1264 2797 res
1286 2731 1368 2798 bene
1388 2754 1429 2798 an
1530 2737 1534 2756 ¹

258 2848 341 2912 male
363 2866 398 2912 se
421 2845 568 2910 habitura
592 2846 653 2923 sit).

303 2961 383 3025 Cum
408 2979 472 3024 usu
496 2959 629 3042 antiquo
649 2960 751 3042 magis
770 2960 922 3024 convenit
933 2959 1072 3025 causalis
1083 2962 1328 3045 praepositionis
1341 2963 1429 3026 notio

257 3074 347 3138 infr.
367 3075 422 3156 36,
441 3075 478 3137 5:
500 3071 534 3137 τὸ
557 3069 615 3151 νοὶρ
641 3069 753 3143 πύὐος.
770 3117 776 3132 .
792 3117 821 3135 ..
845 3071 897 3134 οὐκ
916 3069 1070 3152 ἐπιτρέπει
1094 3096 1143 3151 μοι
1166 3081 1329 3148 σιωπῆσαι,
1353 3074 1427 3140 ἀλλ’

259 3190 295 3261 ὥς
318 3187 368 3252 καί
388 3211 421 3250 π.
444 3185 522 3251 τοῦθ’
543 3181 561 3249 δ’
577 3209 608 3249 τι
630 3184 700 3249 ποτ’
720 3181 757 3247 ὐν
776 3191 952 3248 τελευταῖον
972 3182 1047 3249 εἴπω
1071 3191 1125 3259 τῆς
1145 3185 1290 3268 σωτηρίας
1308 3211 1358 3266 μοι
1378 3193 1428 3252 πού

259 3301 366 3374 παιδὸς
399 3300 549 3378 ἐσομένης,
584 3295 751 3378 αναγκοίζει
787 3321 828 3375 με
863 3298 959 3364 πλείω
991 3296 1089 3380 ὐσπερ
1120 3300 1149 3363 ἐν
1179 3301 1290 3380 εὐχαῖς
1304 3281 1427 3366 λαλεῖν.

258 3391 591 3498 (Βοωειιιιεωιιίᾱειιι
616 3432 673 3497 pro
698 3412 802 3477 salute
823 3412 882 3476 filii
907 3412 1002 3478 verba
1025 3413 1117 3478 facit:
1142 3413 1242 3479 Dolor
1264 3417 1360 3500 enim,
1383 3419 1430 3482 sic

257 3530 321 3612 ille,
344 3549 408 3593 non
433 3529 554 3612 patitur
578 3544 629 3590 me
652 3531 768 3607 tacere,
791 3527 847 3590 sed
871 3546 922 3591 ms
945 3529 1031 3611 cogit
1053 3529 1145 3611 plura
1168 3530 1273 3594 dicere
1292 3532 1376 3595 sicut
1393 3530 1431 3596 fit

257 3645 292 3707 in
320 3643 412 3723 sotio,
437 3641 529 3726 quasi
552 3640 640 3704 salus
664 3639 723 3702 filii
748 3640 826 3702 mihi
848 3639 959 3705 futura
983 3643 1024 3706 sit
1049 3664 1082 3705 π.
1108 3643 1184 3707 τοῦθ’
1208 3639 1226 3706 ί
1245 3666 1275 3707 τι
1299 3644 1370 3708 ποτ’
1393 3641 1430 3708 aba

258 3761 434 3821 τελευταῖον
457 3752 541 3826 είιιω,
566 3752 618 3818 cb
650 3771 687 3818 ea
710 3752 809 3817 verba
833 3774 915 3838 quae
938 3761 1082 3820 extremo
1107 3757 1176 3821 loco
1196 3757 1315 3840 dicam;
1337 3762 1430 3843 quasi

258 3870 297 3936 ab
321 3870 472 3936 extremis
497 3867 601 3933 verbis
625 3868 714 3932 salus
735 3866 794 3930 filii
817 3859 990 3952 penderet).
1198 3867 1200 3872 ’

301 3985 379 4048 Loci
403 3982 523 4068 quibus
547 3981 686 4045 occurrit
708 3980 829 4044 locutio
855 4004 889 4044 π.
914 3985 1002 4046 τοῦτο
1025 3983 1111 4067 apud
1131 3981 1268 4049 Dionem
1289 3986 1428 4050 bisunt:

301 4120 330 4163 o.
354 4097 410 4162 ubi
434 4096 563 4162 additur
586 4095 840 4177 comparativus:

301 4212 339 4275 fr.
363 4213 417 4294 40,
442 4210 501 4274 28:
531 4208 562 4271 οὐ
585 4205 688 4285 μέντοι
716 4231 749 4273 π.
777 4208 856 4273 τοῦδ’
881 4203 971 4283 ἦττον
994 4207 1167 4292 ἐίοίρσησεν,
1191 4212 1230 4276 cf.
1252 4212 1288 4276 fr.
1313 4214 1367 4298 43,
1393 4215 1429 4295 73

257 4325 294 4388 fr.
332 4327 385 4408 97,
420 4325 458 4388 4:
495 4319 575 4386 οὐδέν
610 4343 647 4398 νε
683 4343 717 4383 π.
754 4325 842 4385 τοῦτο
878 4316 968 4396 ἧττον
1001 4321 1069 4387 οὐτε
1104 4325 1133 4387 ἐν
1165 4324 1287 4409 εὐκλείρ
1310 4325 1379 4391 οὐτε
1402 4327 1431 4390 ἐν

262 4437 414 4522 περιουσία
439 4434 565 4515 ἐγένετο.

1315 4551 1332 4604 9
