3378 5222
805 499 846 566 37

286 685 315 768 3)
340 683 436 760 ἥκειν,
460 683 507 752 θτο
531 687 616 768 πονροὶ
637 691 690 752 τοῦ
714 685 892 766 Αὐγούστου
915 711 963 761 τις
987 683 1051 761 η’κοο
1076 690 1128 770 67,
1153 691 1182 772 9,
1206 691 1244 768 4,

281 804 314 883 4)
337 802 535 879 αὐτομολεῖν,

282 912 494 993 ηὐτομόλησαν
530 913 606 997 παρ’
635 915 748 980 έκείνων
780 916 851 997 πρὸς
874 916 923 980 τὸν
945 921 1157 997 Βροῦτον....
1181 940 1260 990 τινες
1285 919 1338 1000 47,
1361 919 1414 997 48,

239 1032 275 1110 9,
306 1029 345 1094 ci.
368 1030 420 1113 49,
445 1033 496 1112 22,
521 1031 557 1110 9,
582 1029 682 1114 (qnod
707 1028 842 1094 verbnm
866 1031 912 1094 ita
935 1036 1128 1116 usurpatum
1154 1031 1302 1096 videmus
1326 1031 1413 1116 apud

237 1144 484 1228 Xenophontem
509 1141 614 1206 Anab.
638 1142 663 1206 I.
690 1145 717 1225 7,
743 1144 783 1206 13
808 1148 906 1227 atque
930 1142 1046 1209 Oecon.
1070 1145 1126 1208 IV.
1153 1146 1216 1224 18).

282 1260 314 1337 5)
338 1254 482 1338 φεύγειν,
508 1255 592 1337 ποορὸο
616 1260 669 1321 τοῦ
693 1254 851 1320 Ἀντωνίον
874 1251 915 1321 οὗ
938 1257 1090 1338 φυγόντες
1109 1257 1161 1322 κοοί
1184 1258 1255 1339 πρὸς
1275 1257 1411 1340 τὸνΚοοί-

237 1394 313 1452 σορκ
337 1368 470 1443 ἐκθέντες
494 1370 545 1452 56,
566 1370 596 1454 3,
622 1371 657 1450 1,
682 1377 835 1454 (quocum
860 1371 1005 1437 conferas
1027 1370 1276 1438 Demosthenem
1298 1372 1337 1435 V.
1352 1373 1410 1435 18:

237 1483 307 1556 τοὺς
331 1483 402 1564 παρ’
427 1482 541 1547 ἐκείνων
566 1481 741 1564 φεύγοντας
764 1481 915 1564 σῴζομεν).

284 1599 315 1677 6)
339 1596 546 1678 προσβοηθεῖν,
572 1596 679 1661 πολλοί
705 1597 788 1678 πκρίο
811 1600 869 1662 τῶν
887 1597 1035 1676 ὅμοηθων.
1051 1647 1058 1663 .
1074 1646 1081 1661 .
1096 1647 1102 1662 .
1118 1598 1412 1679 προσβεβοηθηκότες

242 1713 292 1796 66,
317 1713 347 1794 4,
370 1712 408 1792 3,

284 1826 314 1906 7)
338 1826 503 1906 ε’σφοιτῖονι

282 1940 459 2005 transi:
481 1938 534 2018 (de
555 1935 727 2018 ὑφοίσμκτί
748 1943 835 2017 τννν),
861 1938 932 2019 παρ’
957 1937 1070 2003 ἐκείνων
1091 1945 1146 2020 (se.
1168 1943 1226 2003 τῶν
1238 1938 1411 2021 βκρβοίρων)

238 2053 289 2118 κκί
325 2053 396 2135 πρὸς
427 2054 509 2130 ημῖος
538 2052 568 2124 ές
599 2052 717 2132 τρνφην
739 2055 796 2115 τῶν
822 2050 902 2116 ποίνν
925 2056 1073 2131 γννοοοκῶν
1097 2054 1241 2133 περνττην
1264 2053 1411 2136 ἐσπεφοί-

237 2191 325 2241 τηκεν
349 2169 402 2252 43,
425 2167 478 2250 24,
502 2169 541 2247 9,

280 2279 433 2365 Inprimis
457 2281 490 2342 in
515 2280 644 2363 passivo
668 2296 786 2362 genere
810 2276 900 2342 verbi
925 2279 1011 2362 quod
1036 2285 1085 2344 est
1105 2277 1221 2357 πέμπω
1242 2278 1304 2344 Dio
1323 2282 1411 2346 hune

238 2415 333 2461 usum
358 2399 480 2472 servat3
506 2412 704 2476 quamquam
729 2394 863 2456 sanein
886 2395 1035 2477 sequenti
1060 2395 1259 2478 paragrapho
1283 2393 1351 2477 (nbi
1372 2396 1412 2460 de

240 2508 322 2589 ποομ)
342 2529 416 2573 cum
441 2511 583 2595 genitivo
608 2507 714 2572 verbis
737 2509 875 2592 passivis
894 2509 1001 2573 addito
1021 2512 1145 2593 agetur)
1164 2509 1271 2574 locum
1293 2510 1411 2576 habent

240 2643 335 2688 suum
368 2623 465 2688 verba
489 2624 598 2708 qualia
621 2627 698 2687 sunt
721 2619 898 2698 πέμπεσθοον
922 2627 953 2685 et
974 2620 1168 2695 στέλλεσθοω,
1194 2627 1310 2706 tamen,
1334 2627 1411 2708 quia

237 2740 322 2803 inest
344 2739 433 2802 notio
457 2737 616 2812 veniendi,
639 2736 692 2799 hie
715 2737 778 2799 iam
795 2717 1050 2801 ¹collocabimus:

283 2848 426 2930 πρέσβεις
449 2873 484 2913 π.
510 2853 567 2913 τῶν
590 2846 767 2928 σνμμοίχων
793 2848 986 2929 πεμφθέντες
1010 2851 1061 2930 39,
1088 2852 1138 2931 14,
1162 2852 1198 2930 1,

283 2963 403 3044 πότερον
428 2987 462 3026 π.
487 2965 544 3026 τῶν
568 2961 777 3042 στρατοπέδων
802 2961 818 3036 ἢ
843 2985 878 3025 τ.
902 2966 955 3026 τοῦ
976 2970 1011 3025 Κ.
1025 2961 1229 3044 έπέμφθησοον
1241 2966 1293 3046 46,
1305 2967 1357 3047 43,
1371 2968 1410 3046 5,

283 3076 476 3157 πρεσβεντθος
511 3074 712 3157 πεμφθέντκς
747 3098 781 3138 π.
817 3079 869 3139 τοῦ
905 3075 999 3140 oasa.
1035 3075 1087 3139 κοοί
1119 3100 1153 3139 π.
1186 3081 1244 3141 τῶν
1267 3076 1411 3158 Ἰοοζθγων

240 3193 289 3272 69,
317 3193 366 3274 15,
391 3193 427 3272 9,

280 3305 318 3377 ὥς
341 3303 392 3369 κοοί
417 3327 451 3367 τ.
477 3307 529 3368 τοῦ
554 3303 724 3384 ’Λσπρνίνον
748 3303 939 3380 πεπεμμένον
964 3304 1015 3385 56,
1040 3305 1091 3384 99,
1115 3305 1152 3383 3,

281 3418 412 3498 συχνοὺς
425 3467 433 3482 .
447 3467 455 3482 .
469 3469 476 3482 .
492 3468 500 3483 .
525 3441 560 3480 π.
586 3415 745 3498 βοορβοίρων
768 3421 853 3481 τινῶν
877 3415 1029 3495 βοοσολέων
1050 3416 1251 3498 πεμφθέντος
1265 3421 1316 3502 66,
1329 3422 1358 3504 4,
1372 3424 1407 3502 9,

236 3531 381 3609 (deloco
405 3532 573 3596 emendato
599 3531 649 3613 73,
674 3531 726 3613 39,
749 3533 769 3593 4
794 3551 859 3595 non
884 3531 1009 3609 dicam).

282 3644 339 3718 τοὶς
362 3645 529 3718 ε’ποστολθος
552 3645 610 3718 τοὶς
634 3669 668 3708 π.
693 3648 745 3709 τοῦ
771 3643 884 3725 ποοτρθς
907 3644 932 3708 οί
957 3642 1154 3725 πεμφθείσοος
1178 3648 1228 3728 51,
1253 3648 1304 3730 19,
1330 3649 1366 3729 1,

238 3757 246 3782 ''
283 3756 460 3839 γροίμμοοτοί
489 3782 558 3823 τονοο
590 3782 625 3822 π.
656 3762 709 3822 τοῦ
733 3765 768 3820 Κ.
796 3756 981 3838 πεμφθέντκ
1005 3758 1056 3839 39,
1083 3759 1133 3839 63,
1157 3761 1193 3840 4,
1219 3762 1271 3844 46,
1296 3761 1347 3846 35,
1372 3764 1408 3842 6,

237 3873 288 3955 47,
313 3874 364 3954 96,
389 3875 426 3953 6,
452 3872 503 3954 57,
528 3878 557 3954 6,
582 3872 619 3952 3,

281 3984 333 4049 κοοί
365 3985 448 4066 οούτῷ
475 3990 530 4065 (se.
555 3983 684 4064 βιβλίῳ)
709 3983 882 4065 πεμφθέντι
907 4008 942 4048 π.
967 3985 1039 4062 ἐμοῦ
1063 3985 1196 4066 ε’ντνχών
1221 3989 1271 4071 79,
1295 3990 1346 4066 93,
1371 3991 1408 4070 9,

280 4098 323 4163 τὰ
348 4099 424 4181 δῶρον
448 4099 490 4163 τθο
514 4098 700 4180 πεμφθέντκ
725 4121 759 4161 π.
784 4104 839 4172 τῆς
861 4097 1047 4171 Ὀκτκονίοος
1069 4100 1120 4182 49,
1146 4100 1197 4182 33,
1218 4103 1256 4181 4,

281 4217 347 4277 νεῶν
371 4218 461 4295 σφισν
486 4237 520 4276 π.
545 4216 597 4277 τοῦ
622 4210 782 4290 Πομπηίον
804 4204 887 4284 aias
911 4210 1107 4292 πεμφθενσῶν
1130 4213 1181 4294 41,
1206 4214 1256 4295 95,
1282 4214 1318 4294 1,
1438 4222 1439 4226 ’

199 4332 201 4335 ’
284 4325 411 4405 δθνκμίς
434 4351 482 4400 τος
504 4327 587 4406 aare
605 4350 646 4424 π.
671 4329 723 4390 τοῦ
747 4324 889 4389 Λεπίδου
913 4325 1093 4406 πεμφθείσοο
1117 4327 1169 4408 46,
1193 4326 1246 4410 38,
1269 4327 1307 4407 5,

284 4441 435 4521 χρίμκτκ
450 4463 494 4504 ,π.
517 4443 570 4504 τοῦ
594 4437 736 4517 Γκβννίοο
760 4437 946 4520 πεμφθέντκ
969 4438 995 4503 οί
1019 4441 1071 4522 39,
1095 4439 1146 4523 66,
1170 4441 1206 4521 1,
