3400 5212
838 509 881 573 84

276 697 371 782 Legg.
406 699 469 761 720
500 696 529 760 D
561 681 724 780 (μανθάνει
757 719 787 758 τι
819 695 904 774 παρά
933 697 991 758 τῶν
1013 691 1205 780 νοσούντων),
1229 695 1326 758 Isocr.
1351 695 1381 776 8,
1405 694 1446 757 67

277 807 361 895 (ότι.
377 859 384 874 .
399 858 429 875 ..
454 811 522 891 παρ’
548 811 629 886 ὑμῶν
653 808 797 894 μαθών),
825 810 875 891 15,
899 811 962 873 223
988 807 1109 892 (ταῦτα
1132 808 1201 887 παρ’
1226 806 1319 887 ἑτέρου
1332 805 1447 882 μανθά-

277 923 371 1009 νειν);
399 924 449 1004 16,
475 924 512 986 11
539 922 628 1007 (παρ’
652 921 760 986 ἐκείνου
784 921 929 1007 μαθεῖν),
959 923 1011 1002 18,
1033 922 1076 984 44
1101 920 1153 1005 (π.
1178 919 1279 1000 ἐτέρων
1302 921 1446 1007 μαθεῖν);

280 1038 329 1119 19,
361 1037 403 1101 45
440 1035 511 1121 (τῖεν
546 1035 656 1115 σε’χννν
691 1033 785 1113 ἔμαθε
819 1033 902 1115 παρά
936 1033 1157 1110 Πολεμαινὲτου
1189 1038 1241 1097 τοῦ
1274 1033 1446 1119 μάντεως),

277 1150 395 1215 Herod.
431 1151 558 1235 saepius
593 1153 772 1234 nsuspavit,
805 1169 831 1214 e.
854 1171 883 1232 g.
914 1149 955 1212 ΙΙ.
988 1150 1027 1212 51
1062 1154 1093 1213 et
1123 1147 1164 1212 II.
1191 1149 1254 1213 104
1279 1148 1334 1212 ubi
1357 1168 1447 1232 prae-

277 1265 450 1348 positiones
483 1262 564 1344 παρά
598 1270 629 1328 et
662 1261 722 1327 άπὸ
757 1282 830 1326 oum
864 1262 962 1327 verbo
993 1259 1151 1338 μανθάνειν
1182 1264 1373 1326 coniunctae
1396 1282 1453 1325 oo·v

277 1383 421 1442 currunt.
708 1399 718 1428 ·

321 1491 381 1556 Dio
414 1511 544 1577 quoque
567 1497 751 1556 constanter
774 1491 1044 1575 praepositionem
1068 1488 1149 1566 παρά
1174 1488 1270 1554 verbo
1291 1486 1448 1566 μανθάνειν

277 1606 398 1670 addidit
431 1607 493 1672 nisi
528 1606 610 1671 forte
639 1606 678 1670 fr.
710 1608 762 1689 57,
786 1609 828 1670 20
850 1605 1080 1690 excipiendum
1104 1609 1168 1669 est:
1194 1603 1247 1688 (ἐκ
1271 1611 1324 1677 τῆς
1348 1601 1449 1682 πείρας

276 1723 333 1782 τῶν
356 1718 543 1799 πραγμάτων
565 1719 606 1785 τά
630 1719 740 1798 βελτίω
764 1717 929 1804 μαθόντα).

322 1833 426 1898 Semel
449 1841 555 1898 tamen
580 1834 665 1918 apud
689 1832 827 1898 Dionem
852 1851 983 1916 quoque
1006 1830 1066 1895 άπὸ
1090 1837 1121 1896 et
1145 1830 1226 1910 παρά
1249 1851 1315 1894 une
1338 1849 1450 1894 ooour-

278 1953 364 2028 runt,
387 1965 501 2030 nempe
527 1948 577 2030 78,
602 1948 631 2029 6,
657 1949 693 2011 3ο
718 1945 805 2010 τοῦτό
827 1970 860 2009 τε
883 1945 938 2008 άπ’
964 1946 1061 2008 αὐτῶν
1083 1949 1140 2007 τῶν
1162 1943 1320 2025 βαρβάρων
1334 1939 1450 2022 ὕστερον

278 2060 435 2137 ἐμάθομεν,
459 2058 508 2123 κάι
531 2059 563 2123 τό
587 2063 645 2124 τῶν
668 2058 836 2140 Φαρμάκων
859 2057 941 2139 παρά
963 2061 1014 2122 τοῦ
1039 2055 1197 2138 Μακρίνου.

322 2172 365 2237 Hi
390 2179 466 2238 sunt
490 2174 550 2236 looi
575 2194 656 2258 quos
681 2175 899 2258 repperimus:

321 2308 351 2351 υ.
375 2287 606 2352 audiendi
641 2290 787 2352 notione:
823 2286 861 2350 fr.
895 2288 949 2369 43,
983 2286 1042 2349 25;
1080 2281 1173 2365 ἕτερον
1207 2285 1276 2365 παρ’
1301 2283 1395 2364 ἑτέρου
1418 2284 1451 2348 τὸ

278 2398 435 2480 άπόρρντον
466 2399 662 2478 μανθάνοντα,
694 2403 745 2485 39,
769 2403 799 2484 3,
825 2403 861 2465 1:
894 2403 995 2462 ταῦτα
1017 2397 1099 2479 παρά
1121 2401 1178 2462 τῶν
1202 2399 1317 2477 Ῥκμῶν
1340 2399 1450 2476 μαθων,

324 2515 374 2597 50,
399 2516 428 2596 3,
452 2517 489 2578 3;
514 2511 553 2576 τά
576 2518 627 2578 τοῦ
650 2513 806 2579 Ἀντωνίου
829 2513 897 2594 παρ’
924 2513 1022 2577 αὐτῶν
1045 2510 1170 2576 πάντα.
1186 2564 1192 2578 .
1208 2561 1238 2580 ..
1264 2511 1365 2591 ἔμαθε,

323 2629 375 2711 36,
398 2629 428 2710 3,
455 2629 489 2691 l:
515 2627 615 2704 μαθὼν
638 2628 706 2709 παρ’
730 2629 829 2692 αὐτῶν
848 2628 902 2701 τὴν
921 2625 1081 2707 πρεσβείαν
1092 2627 1146 2701 τὴν
1159 2674 1167 2690 .
1182 2676 1189 2692 .
1205 2676 1212 2691 .
1228 2627 1451 2707 πεμφθεῖσαν,

325 2743 375 2824 71,
417 2744 468 2826 23,
510 2744 547 2807 3;
592 2741 674 2824 παρά
709 2748 759 2807 τοῦ
795 2743 998 2823 Οὐάρου...
1033 2739 1087 2814 τὴν
1121 2739 1324 2806 ἐπανάστασιν
1360 2742 1451 2806 αὐτοῦ

279 2854 379 2932 μαθὼν
393 2905 400 2920 .
416 2904 423 2920 .
437 2904 467 2921 ..

325 2970 377 3053 39,
402 2971 452 3053 14,
477 2972 514 3034 2;
539 2971 592 3046 rip
615 2972 756 3047 άλνίθειαν
779 2973 848 3052 παρ’
873 2972 964 3036 αὐτοῦ
990 2969 1199 3049 μαθησόμενον,

325 3085 377 3166 52,
400 3085 452 3167 25,
476 3085 513 3148 5:
540 3086 620 3164 παρ’,
635 3081 671 3148 ὧν
690 3085 741 3150 καί
761 3085 888 3149 άκόντων
907 3086 960 3159 τὴν
972 3084 1113 3158 άλνίθειαν
1126 3133 1133 3148 .
1148 3134 1155 3150 .
1172 3133 1179 3149 .
1195 3084 1321 3161 ,μαθεῖν
1333 3084 1452 3165 δυνήσῃ,

323 3198 377 3280 41,
400 3198 430 3278 4,
454 3199 491 3261 2:
515 3197 568 3272 τὴν
592 3196 718 3262 διάνοιαν
741 3199 834 3263 αὐτοῦ
858 3200 960 3262 πάσαν
983 3197 1065 3278 παρά
1086 3201 1137 3262 τοῦ
1162 3197 1318 3276 Λαβιάνου
1341 3195 1452 3274 μαθών,

324 3312 376 3394 50,
413 3312 464 3394 23,
490 3312 526 3375 3;
553 3311 652 3388 μαθὼν
675 3311 729 3386 τὴν
753 3301 882 3376 διάνοιάν
906 3317 990 3392 σφων
1014 3309 1096 3392 παρά
1118 3335 1153 3374 τε
1174 3308 1275 3375 άλλων
1297 3309 1348 3375 καὶ
1371 3308 1453 3391 παρά

279 3428 329 3488 τοῦ
351 3401 497 3490 Δελλίου.

323 3557 390 3623 seq.
413 3539 489 3603 Aoo.
514 3559 539 3603 o.
564 3539 695 3604 Partis:

323 3653 376 3736 40,
402 3653 453 3736 10,
478 3654 512 3716 l:
547 3651 690 3730 μαθόντες
713 3653 781 3734 παρ’
807 3654 903 3727 αὐτῶν
928 3651 1134 3733 πλησιάζοντα
1156 3653 1210 3728 ἤδη
1234 3653 1451 3734 τόνΚαίσαρα.

324 3772 479 3850 sequente
510 3763 570 3830 ότι;
606 3766 643 3830 fr.
669 3767 721 3848 57,
744 3767 804 3830 48;
829 3763 883 3830 εἶτ’
907 3760 955 3830 οὖν
978 3765 1061 3847 παρά
1084 3766 1232 3845 δαιμονίου
1255 3768 1328 3840 τινός
1352 3768 1453 3844 μαθὼν

280 3875 339 3941 είτε
361 3877 442 3942 κατά
465 3877 573 3958 τόχνν,

325 3993 377 4074 37,
401 3993 454 4073 52,
478 3995 514 4057 2;
539 3992 620 4072 παρά
644 3996 700 4056 τῶν
724 3991 857 4071 μάντεων
883 3993 989 4071 ἔμαθεν
1014 3991 1058 4058 ότι
1074 4044 1080 4057 .
1097 4042 1104 4057 .
1119 4043 1148 4060 ..
1174 3992 1271 4067 ἔσται,

326 4105 378 4188 66,
404 4108 431 4189 1,
456 4109 490 4171 3;
515 4107 584 4186 παρ’
608 4106 749 4188 όνείρατος
774 4106 880 4184 ἔμαθεν
905 4104 948 4171 ότι
963 4157 969 4173 .
986 4158 992 4172 .
1009 4157 1039 4172 ..
1063 4108 1262 4188 αὐταρχνίσει,

325 4221 376 4304 66,
400 4222 452 4303 20,
477 4223 512 4285 2:
540 4219 632 4298 ἔμαθε
654 4221 705 4285 καί
732 4222 800 4301 παρ’
826 4220 937 4284 ἐκείνων
959 4217 1004 4284 ότι
1029 4220 1113 4296 νῆσός
1137 4223 1226 4285 ἐστιν.

326 4353 391 4419 seq.
415 4336 490 4398 Aoo.
513 4355 541 4399 o.
562 4335 640 4399 Inf.:

327 4448 378 4533 69,
404 4449 454 4533 18,
478 4450 518 4512 3:
543 4449 644 4526 μαθὼν
668 4448 749 4529 παρά
771 4472 912 4522 τινος...
928 4497 935 4513 .
959 4446 1087 4528 δικάζειν
1109 4420 1205 4513 αὐτόν
1222 4447 1275 4524 ἤδη
1290 4496 1297 4512 .
1312 4497 1319 4513 .
1334 4496 1341 4512 .
1357 4499 1364 4514 .
