3378 5212
829 520 893 583 124
960 469 962 476 v

276 699 369 780 tores,
403 704 551 788 exempla
581 705 699 790 quibus
731 709 923 790 praepositio
956 705 1039 786 ταρθι
1063 727 1137 770 cum
1162 709 1346 770 accusativo
1370 725 1444 769 oon·

275 808 384 878 iuncta
407 815 574 883 invenitur
597 820 685 884 nullo
709 821 816 885 addito
839 821 937 885 verbo
963 840 1027 904 quo
1052 822 1148 884 motio
1170 821 1344 885 directiove
1363 820 1445 882 indi-

275 929 373 993 cetur.
408 927 519 996 Oritur
552 937 696 1018 quaestio
732 935 811 1018 quid
844 935 972 999 intersit
996 937 1080 998 inter
1105 954 1201 998 usum
1226 935 1326 998 dativi
1350 941 1447 1016 atque

275 1044 450 1107 accusativi
481 1046 514 1109 in
538 1048 696 1112 eiusmodi
720 1049 884 1132 exemplis.
908 1047 1108 1132 Praepositio
1134 1046 1218 1127 παρα
1248 1067 1299 1111 cu
1315 1069 1345 1111 m
1380 1048 1445 1111 da-

275 1153 375 1218 tivo
403 1155 553 1223 locali
579 1164 724 1226 exactius
743 1167 841 1246 atque
860 1163 1043 1226 accuratius
1067 1161 1174 1225 locu
1189 1182 1219 1224 m
1244 1162 1447 1225 circumscri-

276 1265 323 1330 bit
357 1271 442 1353 apud
470 1293 565 1357 quem
590 1275 722 1339 iuxtave
747 1293 842 1358 quem
868 1294 1004 1358 persona
1026 1293 1118 1338 resve
1142 1275 1298 1357 quaedam
1327 1277 1447 1338 versari

275 1377 426 1466 fingitnr3
468 1407 542 1451 cum
577 1391 759 1454 accusativo
794 1394 900 1453 autem
937 1390 1109 1451 coniuncta
1145 1390 1252 1452 minus
1288 1388 1449 1452 subtiliter

275 1500 466 1582 praepositio
489 1501 657 1584 significat,
680 1503 720 1566 ad
743 1503 828 1566 latus
848 1503 893 1566 rei
914 1495 1082 1584 personam
1102 1520 1295 1565 remveesse
1308 1504 1443 1585 positam

275 1610 344 1675 sive
370 1620 554 1696 porrectam.
578 1614 640 1680 Sed
664 1619 726 1679 iam
753 1615 838 1699 apud
863 1617 1060 1698 antiquiores
1084 1617 1263 1698 scriptores,
1287 1617 1446 1699 imprimis

276 1725 361 1808 apud
402 1728 579 1810 historicos,
618 1750 714 1794 usum
750 1729 995 1813 praepositionis
1032 1727 1115 1807 ταρθι
1151 1747 1223 1791 oum
1260 1731 1445 1793 accusativo
1492 1813 1495 1818 .

276 1841 465 1906 coniunctae
488 1863 670 1908 accrescere
694 1843 842 1906 videmus
875 1863 890 1906 s
904 1862 920 1906 e
934 1863 953 1906 n
968 1863 984 1906 s
998 1863 1018 1905 u
1044 1863 1074 1905 m
1087 1862 1104 1906 e
1117 1861 1162 1906 re
1185 1842 1353 1923 locali,
1377 1863 1403 1907 e.
1416 1865 1445 1926 g.

275 1955 360 2037 apud
394 1955 593 2020 Herodotum
618 1959 650 2041 4,
669 1958 728 2020 87:
754 1954 941 2037 κατελείφθη
968 1979 1001 2018 τ.
1027 1955 1076 2020 τὸν
1099 1956 1172 2028 ννθν,
1196 1956 1444 2040 Xenophontem

274 2071 337 2130 An.
364 2070 392 2151 1,
417 2069 448 2152 8,
472 2071 509 2132 5:
542 2093 576 2132 τ.
603 2068 758 2150 Κλέαρχον
789 2067 929 2142 έστνσαν,
963 2069 1181 2151 Thucydidem
1213 2070 1244 2151 5,
1269 2071 1322 2152 67,
1346 2072 1383 2135 2;
1410 2093 1444 2133 τι.

275 2179 302 2243 δ’
326 2180 436 2255 αὐτοὺς
459 2182 485 2245 οἱ
508 2179 674 2261 ξύμμαχοι
700 2177 774 2257 ἦσαν
794 2184 866 2266 (qui
889 2184 980 2247 locus
1003 2184 1093 2247 valde
1112 2183 1445 2267 delectatquiapaulo

275 2301 348 2359 ante
370 2296 479 2360 eadem
505 2296 736 2380 significatione
761 2297 878 2359 dicitur
903 2296 974 2376 παρ’
998 2295 1125 2379 αὐτοῖς).

319 2409 509 2474 Praesertim
535 2410 738 2491 Thucydides
762 2412 1027 2494 praepositionem
1054 2409 1138 2489 ταρθι
1161 2429 1234 2472 cum
1259 2411 1443 2474 accusativo

275 2522 420 2588 adhibuit
443 2524 482 2587 ad
507 2524 603 2589 verba
627 2525 735 2608 qualia
758 2529 835 2588 sunt
855 2522 976 2605 τιθέναι,
996 2521 1228 2595 έσιταθττεσθαι,
1243 2529 1277 2587 ut
1288 2524 1446 2588 indicaret

274 2656 442 2721 personam
467 2640 560 2701 iuxta
584 2658 680 2722 quam
705 2639 778 2721 quis
804 2639 895 2721 ponit
917 2656 983 2700 rem
1007 2639 1052 2700 ita
1076 2643 1112 2700 ut
1135 2657 1171 2700 ea
1195 2657 1245 2702 res
1270 2625 1305 2700 in
1327 2640 1438 2701 vicini·

275 2757 339 2815 tate
369 2769 525 2836 personae
559 2751 646 2814 illius
681 2752 723 2814 sit
746 2752 788 2834 (2,
813 2753 844 2833 2,
868 2751 905 2813 4;
930 2750 1048 2813 θνεῖτεν
1071 2748 1084 2811 θ
1108 2746 1199 2829 adpo}
1214 2800 1221 2814 .
1237 2798 1243 2813 .
1260 2799 1288 2813 ..
1314 2750 1443 2815 rideatur

277 2888 311 2928 τ.
343 2863 453 2937 αὑτοὺς
483 2863 525 2929 rai
556 2859 658 2938 θτλας
684 2865 715 2946 6,
741 2865 794 2947 67,
819 2866 857 2927 2:
881 2862 951 2935 τοὺς
975 2861 1092 2935 ἱττέας
1115 2860 1305 2938 ε’τετνθξαντο
1331 2864 1380 2928 ἐπὶ
1404 2865 1446 2945 τῷ

276 2975 361 3058 δεξιῷ
376 3029 383 3044 .
399 3028 405 3043 .
420 3026 449 3044 ..
479 3001 514 3041 τι.
539 2978 565 3042 δ’
591 2977 701 3050 αὐτοὺς
724 2976 776 3042 καὶ
801 2976 870 3050 τοὺς
893 2975 1094 3056 ἀκοντιστάς).
1117 2977 1321 3068 1Ροειθτειηιιιιι]
1348 2999 1444 3042 usum

275 3094 318 3172 (in
344 3092 451 3157 verbis
474 3091 700 3176 ponendi,
724 3091 1011 3169 collocandi)
1035 3091 1121 3174 apud
1145 3089 1291 3154 Cassium
1314 3111 1445 3175 quoque

275 3205 429 3270 habemus
451 3205 556 3270 tribus
579 3206 630 3270 vel
655 3211 806 3290 quattuor
828 3206 917 3287 locis,
940 3223 1072 3288 nempe:

319 3322 373 3402 42,
398 3319 451 3403 26,
477 3321 512 3383 l:
533 3317 679 3397 μέλισσαι
700 3319 729 3382 ἐν
741 3319 782 3399 τῷ
796 3317 981 3398 Καπιτωλίῳ
994 3341 1028 3381 τ.
1043 3319 1094 3382 τὸν
1107 3316 1261 3398 Ἡρακλέα
1281 3317 1444 3399 ἱδρύθησαν.

319 3436 373 3518 43,
408 3435 462 3517 45,
498 3435 535 3498 3:
571 3432 666 3497 εἰκόνα
700 3433 730 3506 ἐς
760 3433 794 3498 τὸ
825 3433 1019 3497 Καπιτώλιον
1044 3457 1076 3496 τ.
1103 3432 1173 3506 τοὺς
1197 3431 1445 3510 βασιλεύσαντας

277 3571 352 3612 τοτε
375 3548 403 3611 ἕν
427 3557 462 3629 τῇ
487 3546 585 3626 ‘Papa
609 3546 756 3611 ἀνέθεσαν.

245 3675 249 3683 “
319 3662 373 3744 43,
396 3662 450 3745 45,
474 3662 510 3741 43
538 3683 572 3723 τι.
598 3657 713 3734 ταύτην
738 3662 792 3744 (sc.
805 3660 915 3744 εἰκόνα)
929 3660 998 3724 τότε
1009 3658 1063 3732 τὴν
1076 3663 1127 3724 τσῦ
1141 3658 1287 3740 Καίσαρος
1300 3657 1441 3733 ἔστησαν.

318 3775 373 3857 47,
397 3774 450 3856 20,
474 3775 510 3837 4;
536 3772 649 3845 εἷκθνας
672 3771 762 3853 σφίσι
786 3775 914 3851 χαλκᾶς
939 3796 973 3836 τι.
998 3797 1033 3836 τε
1058 3772 1111 3844 τὴν
1135 3775 1186 3836 τοῦ
1210 3771 1368 3852 ‘oparata
1391 3773 1443 3836 καὶ

275 3910 310 3949 τ.
334 3887 388 3960 τὴν
410 3890 463 3950 τοῦ
486 3885 737 3967 Ἀριστογείτονος
761 3885 951 3966 ἐψηφίσαντο
975 3888 1031 3972 (sc.
1055 3886 1257 3969 ἀνατεθῆναι).
1330 3962 1331 3966 ¹

320 3999 445 4077 Quibus
469 4001 548 4064 locis
572 4001 763 4084 praepositio
786 3999 868 4079 ταρθι
891 3999 1050 4084 significat
1076 4000 1134 4080 ,ad
1155 4000 1241 4062 latus
1254 4000 1446 4063 cuiusdam’'

275 4115 325 4178 vel
350 4115 457 4178 minus
480 4119 592 4177 exacte
618 4115 670 4194 „in
694 4114 857 4176 vicinitate
880 4111 1055 4191 alieuius'';
1093 4115 1229 4196 signa
1258 4113 1447 4178 indicantur

274 4231 367 4292 iuxta
400 4247 483 4311 qnae
518 4227 597 4310 quid
621 4227 797 4290 collocatur
822 4228 890 4290 sive
914 4225 1053 4289 considit
1079 4228 1131 4305 (ut,
1149 4246 1224 4310 apes
1247 4228 1339 4290 iuxta
1365 4227 1446 4292 Her·

274 4342 356 4406 culis
378 4341 585 4405 simulacrum
610 4340 801 4418 considunt).
825 4339 969 4405 Liberior
992 4347 1099 4405 autom
1124 4342 1175 4404 hic
1198 4343 1446 4425 praepositionis

274 4476 355 4521 usus
379 4456 534 4540 originem
560 4454 677 4518 ducere
701 4454 826 4518 videtur
849 4473 889 4518 ex
910 4455 1068 4519 eiusmodi
1093 4456 1248 4539 exemplis
1272 4456 1367 4539 quale
1381 4457 1446 4520 ‘ba-
