3378 5222
603 1520 769 1596 CAPUT
794 1522 1006 1599 PRIMUM.

707 1819 900 1829 ———

392 2055 442 2121 Do
462 2057 695 2137 praepositione
720 2057 803 2139 rapa
827 2079 895 2124 oum
919 2060 1024 2125 dativo
1045 2059 1216 2124 conianolo.

263 2270 282 2351 ξ
319 2273 346 2335 1.
383 2271 447 2336 Diu
483 2271 687 2336 observatum
719 2280 768 2337 est
797 2275 968 2358 scriptores
1000 2273 1148 2356 Graecos,
1172 2275 1229 2357 qui
1251 2273 1390 2357 pedestri

220 2391 354 2449 utantur
387 2387 541 2467 oratioue,
575 2388 619 2450 ita
653 2387 720 2450 fere
755 2390 1022 2471 praepositionem
1059 2385 1143 2468 oropo
1177 2407 1250 2451 oum
1283 2387 1390 2450 dativo

220 2497 371 2562 adhibere
405 2505 442 2562 ut
476 2519 684 2583 personarum
721 2503 952 2566 animaliumve
988 2503 1119 2565 nomina
1150 2504 1180 2566 ei
1204 2501 1391 2584 adiungant,

218 2613 392 2675 admodum
416 2619 523 2678 autem
548 2633 620 2677 raro
644 2633 710 2678 rem
736 2616 921 2678 inanimam.
946 2615 1041 2679 Valet
1064 2616 1124 2678 hoe
1136 2615 1220 2679 idem
1233 2617 1267 2677 in
1282 2613 1392 2678 Cassio

218 2724 332 2808 Dione,
367 2728 411 2790 ita
446 2746 523 2791 vero
547 2728 632 2791 valet
656 2733 693 2791 ut
716 2730 845 2812 saepius
869 2730 999 2813 quidem
1025 2748 1178 2813 personas
1202 2749 1275 2792 cum
1301 2747 1391 2812 prae-

220 2841 380 2924 positione
404 2838 488 2920 παρὰ
511 2843 695 2925 coniungat,
718 2861 953 2926 nonnunquam
975 2847 1082 2906 tamen
1108 2842 1346 2926 temploru
1359 2862 1390 2905 m
1462 2857 1467 2864 '

221 2973 352 3037 quoque
397 2956 539 3036 nomina,
580 2961 649 3018 tum
704 2955 911 3037 urbium,
959 2955 1225 3020 fluviorum
1272 2957 1392 3019 simi-

221 3067 397 3132 liumve
430 3068 650 3132 locorum.

266 3181 448 3264 Antequam
474 3187 580 3244 autem
605 3181 692 3245 locos
717 3179 859 3245 Dioneos
883 3182 1063 3262 laudamus,
1083 3202 1186 3265 pauca
1206 3182 1392 3246 disserenda

224 3299 299 3358 sunt
322 3295 361 3359 de
384 3295 454 3378 ipsa
476 3314 511 3358 re
535 3314 631 3378 quam
645 3296 819 3377 tetigimus
833 3294 1026 3378 Saepissime
1037 3295 1123 3379 apud
1147 3295 1254 3359 Hom
1268 3314 1285 3359 e
1298 3316 1348 3358 ru
1361 3315 1392 3358 m

223 3412 413 3494 praepositio
448 3407 533 3488 oropo
562 3428 635 3471 oum
661 3409 769 3471 dativo
793 3411 839 3471 rei
863 3410 1024 3472 inanimae
1048 3411 1220 3472 coniuncta
1244 3411 1392 3491 ooeurrit,

222 3645 258 3702 ut
280 3639 401 3702 locutio
425 3655 481 3720 per
503 3654 538 3700 se
561 3635 641 3698 nihil
666 3634 780 3699 habeat
804 3636 890 3719 quod
904 3636 1044 3699 alienum
1059 3637 1101 3700 sit
1112 3636 1152 3698 ab
1165 3636 1272 3700 indole
1281 3635 1394 3700 Graeci

222 3753 388 3817 sermonis.
423 3749 698 3813 Herodotus
729 3767 803 3812 eum
828 3769 924 3813 usum
948 3751 1154 3813 continuasse
1177 3749 1315 3832 videtur,
1336 3752 1392 3834 qui

222 3867 331 3929 minus
355 3883 449 3948 saepe
473 3864 603 3947 quidem
629 3882 725 3946 quam
748 3861 921 3945 Homerus,
945 3862 1111 3926 nonnullis
1135 3862 1214 3927 loeis
1233 3866 1394 3947 praeposi-

221 3983 342 4044 tionem
368 3976 452 4057 παρὰ
474 3977 518 4040 ita
542 3976 696 4057 adhibuit,
720 3977 788 4040 sive
812 3978 888 4059 quia
908 3977 1052 4039 imitatur
1073 3978 1199 4059 epicum
1213 3995 1392 4041 sermonem

222 4095 291 4158 sive
327 4092 412 4176 quod
447 4090 576 4153 Ionicae
611 4089 738 4152 dialecti
768 4091 932 4172 proprium
964 4094 1022 4153 est.
1046 4088 1090 4152 Hi
1113 4096 1191 4152 sunt
1215 4110 1297 4173 quos
1322 4091 1393 4154 dieo

222 4208 285 4270 loci
309 4205 394 4290 apud
417 4203 617 4267 Herodotum
643 4201 796 4286 (Helbing
818 4202 860 4265 l.l.
883 4221 953 4286 pag.
980 4201 1070 4281 127):

268 4318 324 4383 IV.
349 4320 407 4381 15:
433 4316 504 4396 παρ’
530 4315 612 4395 αὐτῷ
638 4315 680 4394 τῷ
703 4312 881 4393 ἀγάλματι.

267 4431 324 4496 IV.
361 4433 419 4494 53:
456 4429 510 4510 ῥέει
542 4429 666 4509 καθαρὸς
690 4427 774 4509 παρὰ
798 4429 936 4508 θολεροῖσι
961 4429 1015 4509 (sn.
1040 4433 1227 4508 ποταμοῖσι).
1250 4428 1307 4492 IV.
1332 4429 1391 4493 90:

578 4569 581 4575 ·
1277 4540 1291 4590 1
