3378 5212
303 718 356 803 66,
392 721 444 804 15,
477 723 515 786 3:
549 728 612 795 τοῖς
642 719 767 803 Ποίρίοις
792 732 847 798 τῆς
872 725 942 804 παρ’
967 724 1060 788 αὑτοῦ
1083 721 1269 802 συμμαχίας
1292 723 1432 796 δεηθεῖσιν

257 833 308 897 οὐκ
332 833 498 911 ἐβοήθησεν.

299 946 460 1012 Omnibus
503 949 590 1013 hisee
640 951 798 1034 exemplis
840 952 1035 1035 praepositio
1085 949 1170 1030 παρὰ
1219 949 1431 1015 substantivis

257 1059 389 1143 βοηθείᾳ,
415 1059 579 1144 ἐπικουρίᾳ,
604 1060 776 1145 συμμαχίᾳ
800 1065 908 1130 addita
931 1063 1122 1148 explicanda
1145 1069 1193 1129 est
1216 1065 1336 1128 omisso
1359 1084 1431 1147 per-

255 1176 364 1258 tieipio
387 1175 527 1258 quodam
552 1175 643 1239 verbi
667 1177 819 1241 veniendi
843 1178 892 1245 vel
919 1176 1075 1242 mittendi.

299 1287 379 1353 Fere
416 1290 558 1374 vulgaris
593 1290 657 1354 diei
691 1295 797 1374 potest
829 1292 881 1355 hie
915 1311 996 1356 usus
1030 1293 1065 1354 in
1100 1289 1313 1356 substantivis
1349 1311 1431 1374 quae

256 1402 415 1466 auxilium
451 1404 594 1467 indicant
628 1404 715 1487 quod
751 1424 770 1468 a
803 1405 943 1489 quodam
975 1403 1134 1488 proficisci
1164 1404 1319 1489 fingitur;
1344 1404 1431 1488 apud

255 1516 381 1580 Atticos
397 1517 568 1600 scriptores
580 1519 709 1600 saepius
721 1518 860 1602 legimus
874 1519 913 1582 de
927 1515 1048 1600 βοηθείᾳ
1061 1515 1285 1596 raptisraptis.
1300 1537 1329 1601 g.
1343 1517 1430 1600 apud

256 1629 505 1714 Xenophontem
530 1629 613 1695 Hell.
640 1631 671 1714 7,
696 1632 726 1715 1,
749 1633 803 1714 20,
816 1632 858 1695 22
868 1637 899 1695 et
912 1631 971 1711 28;
985 1629 1070 1714 apud
1082 1629 1255 1694 Isocratem
1271 1630 1430 1713 12‚142);

257 1745 333 1808 item
358 1743 391 1807 αἱ
416 1743 499 1823 παρὰ
522 1746 579 1808 τῶν
604 1744 670 1807 θεῶν
694 1743 858 1824 ἐπικουρίαι
883 1749 1101 1808 memorentur
1124 1741 1198 1824 Lyc.
1223 1744 1243 1824 ᾖ
1269 1745 1341 1807 129.

299 1857 511 1940 Thucydides}
548 1859 690 1941 saepius*
717 1857 770 1932 την
810 1857 896 1921 οὶπὸ
930 1863 985 1930 τῆς
1020 1854 1135 1929 πόλεως
1170 1853 1305 1934 βοήθειαν
1336 1856 1432 1922 habet

256 1971 302 2055 (3,
328 1972 402 2055 113,
426 1972 463 2053 53
491 1972 527 2055 4,
551 1972 583 2054 8,
608 1972 646 2052 53
670 1971 702 2056 4,
729 1972 803 2056 105,
829 1971 861 2056 1)
882 1970 938 2035 ubi
957 1971 997 2035 de
1019 1970 1169 2035 locali
1196 1969 1430 2054 significatione

131 2141 133 2146 .
256 2085 459 2170 cogitandum
485 2091 543 2167 est,
567 2105 631 2149 non
657 2086 696 2151 de
719 2087 851 2150 notione
873 2103 1030 2169 personae
1053 2103 1136 2168 quae
1161 2083 1316 2148 vocabulo
1330 2082 1429 2149 πόλει

255 2200 361 2264 inesse
384 2204 505 2284 potest3
530 2199 601 2264 aliis
624 2200 704 2264 loeis
716 2199 762 2283 (2,
776 2201 829 2283 92,
843 2201 880 2280 63
907 2201 937 2282 7,
953 2200 1004 2282 18,
1020 2199 1055 2279 1,
1082 2200 1112 2281 7,
1125 2199 1182 2281 42,
1198 2197 1230 2282 1)
1242 2192 1429 2264 invenimus

256 2312 309 2384 την
331 2313 394 2377 οίπὸ
416 2316 472 2375 τῶν
502 2310 664 2384 Ἀθηναίων
694 2313 841 2391 βοήθειαν,
866 2314 951 2378 siout
975 2315 1005 2397 2,
1027 2312 1081 2396 86,
1104 2313 1122 2375 6
1148 2313 1283 2397 legitur:
1306 2310 1374 2391 πρίν
1397 2336 1428 2376 τι

256 2426 307 2490 καί
332 2425 393 2490 οὶπὸ
414 2430 470 2491 τῶν
482 2425 643 2501 Ἀθηναίων
654 2427 865 2506 ἐπιβοηθῆσαι,
876 2427 996 2511 quibus
1009 2425 1159 2491 omnibus
1168 2427 1247 2491 loeis
1261 2425 1428 2492 Bekkerus

256 2542 415 2625 corrigere
449 2541 518 2604 vult
552 2539 735 2613 Ἀθηνῶν
754 2560 826 2632 ¹pro
856 2538 1028 2613 Ἀθηναίων,
1049 2541 1151 2604 invito
1176 2538 1349 2623 Classenio,
1373 2540 1429 2625 qui

210 2636 213 2641 ¹
254 2655 401 2718 adnotate
439 2653 521 2737 ,ἀπὸ
555 2660 643 2738 passt
677 2655 758 2719 euch
795 2674 837 2718 zu
872 2655 944 2719 dem
967 2653 1132 2719 Ethnikon
1156 2673 1247 2738 ganz,
1262 2660 1341 2738 gut;
1367 2654 1428 2738 vgl.

258 2770 286 2853 1,
311 2770 364 2852 31,
389 2770 409 2832 2
436 2766 592 2851 (ὠφελίαν
615 2768 684 2832 τινα
707 2768 765 2832 ἀπ’
790 2769 888 2832 αὐτῶν
910 2788 953 2833 se.
966 2771 1023 2832 τῶν
1035 2765 1197 2840 Ἀθηναίων
1210 2765 1427 2852 εὑρίσκεσθαι),

258 2993 453 3081 (οὶνπιτνχεῖν
476 2993 647 3076 ἐπικουρίας
670 2995 732 3077 αφ’
758 2995 896 3080 ημῶν)”.

298 3109 403 3175 Locus
426 3109 466 3174 de
486 3129 550 3194 quo
573 3111 636 3173 iem
660 3129 762 3193 panea
785 3110 929 3174 diximus
953 3111 987 3173 in
1010 3109 1118 3175 verbis
1136 3108 1259 3174 ferendi
1273 3109 1357 3194 (pag.
1370 3108 1427 3195 39)

254 3229 302 3288 est
334 3224 387 3307 55,
402 3225 453 3307 11,
470 3226 499 3306 3,
512 3223 568 3287 nbi
581 3229 730 3288 narretur
740 3224 928 3306 Thrasyllus
942 3224 1073 3308 quidam
1086 3225 1307 3308 praesagiente
1318 3226 1426 3287 animo

254 3356 326 3401 eum
352 3338 464 3421 procul
488 3338 620 3402 vidisset
643 3337 677 3401 τὸ
699 3343 801 3402 πλοῖον
822 3338 856 3402 τὸ
876 3338 931 3412 την
965 3335 1196 3415 ἀγγελίαν
1230 3336 1272 3417 τῷ
1295 3335 1427 3417 Τιβερίῳ

255 3459 309 3525 τῆς
332 3452 362 3524 ἐς
385 3450 439 3524 την
463 3450 578 3529 Ῥώμην
601 3452 784 3529 οίνακομιδῆς
809 3450 894 3533 παροί
917 3476 952 3515 πε
976 3458 1031 3524 τῆς
1056 3451 1167 3532 μητρὸς
1190 3450 1242 3515 καί
1269 3451 1352 3531 παρὰ
1375 3455 1427 3514 τοῦ

254 3564 427 3642 Αὐγούστου
440 3564 537 3647 φέρον,
547 3566 746 3650 praedixisse
754 3565 879 3632 Tiberio
890 3585 972 3651 quae
985 3585 1021 3631 ea
1033 3567 1126 3632 navis
1137 3571 1221 3631 esset
1230 3567 1427 3631 nuntiatura.

253 3677 325 3742 Hoc
347 3679 416 3742 loeo
441 3680 520 3743 mihi
531 3680 659 3744 videtur
670 3681 863 3764 praepositio
877 3677 961 3759 παρα
973 3699 1046 3744 eum
1061 3679 1264 3744 substantivo
1275 3679 1426 3756 οίγγελίαν

254 3793 479 3877 coniungenda
513 3812 593 3876 esse,
625 3796 717 3877 quasi
747 3794 780 3856 τὸ
811 3792 1087 3871 ἀπαγγελλόμενον
1110 3793 1305 3878 significans,
1328 3794 1426 3858 sicuti

253 3907 340 3991 apud
374 3905 553 3972 Lueianum
590 3927 721 3993 quoque
752 3908 851 3993 (deor.
883 3908 955 3972 dial.
985 3908 1038 3990 24,
1064 3907 1096 3992 1)
1119 3907 1257 3990 legimus
1280 3907 1320 3972 de
1342 3905 1425 3971 Mer·

254 4022 344 4084 eurio
368 4022 424 4104 qui
448 4020 505 4094 τοὶς
529 4020 682 4098 οίγγελίοις
705 4020 762 4094 rota
785 4021 870 4102 rapot
894 4025 946 4084 τοῦ
973 4021 1043 4094 Διὸς
1062 4020 1424 4102 ἡμεροδρομῶνδιαφέρει,

253 4133 310 4198 ubi
355 4132 412 4206 τὰς
457 4134 612 4211 οίγγελίας
666 4137 799 4202 reddere
842 4154 1016 4220 possumus
1062 4134 1105 4199 τοι
1145 4134 1423 4213 οίποιγγελλίμενα.

252 4247 343 4313 Sicut
376 4248 514 4325 οίγγελία
549 4249 788 4314 substantivum
821 4248 949 4314 verbale
980 4248 1215 4334 significatione
1239 4252 1291 4313 τοῦ
1315 4249 1423 4327 οίπαγ-

252 4361 437 4441 γελλομίνον
471 4383 544 4427 oum
581 4365 814 4448 praepositione
845 4361 928 4444 rapat
958 4364 1175 4448 coniungitur,
1197 4365 1242 4428 ita
1266 4364 1423 4428 vocabulo

254 4474 353 4554 λίγοις
376 4477 505 4542 additur
527 4479 720 4562 praepositio
744 4473 845 4557 παροίε
875 4528 877 4532 ⁴
