3378 5212
850 818 926 884 XII.

341 959 435 1044 Verg.
460 959 541 1023 Aen.
565 955 638 1022 VII.
663 958 746 1021 577:

427 1121 556 1186 Turnus
578 1121 668 1187 adest
690 1121 862 1205 medioque
884 1123 917 1184 in
943 1121 1079 1185 erimine
1101 1120 1209 1186 caedis
1232 1125 1263 1185 et
1285 1121 1353 1204 igni

429 1240 583 1301 terrorem
607 1237 794 1320 ingeminat.

340 1398 439 1464 Nulla
462 1398 584 1464 medela
606 1403 678 1483 eget
701 1418 766 1463 vox
791 1396 909 1483 „igni’'.

842 1644 936 1709 XIII.

341 1860 413 1924 Non
437 1860 620 1926 faciendum
643 1864 691 1923 est
715 1878 789 1922 oum
815 1859 883 1921 viro
908 1857 1087 1922 clarissimo
1110 1855 1268 1922 Hartman
1293 1857 1350 1941 qui
1369 1855 1471 1934 (Mne-

299 1994 377 2039 mos.
402 1976 456 2058 32,
479 1994 549 2058 pag.
572 1974 636 2037 417
650 1976 732 2056 sqq.)
755 1970 862 2034 Ovidii
885 1969 1013 2036 Metam.
1036 1970 1128 2035 XIII.
1155 1970 1219 2034 382
1245 1969 1342 2034 verba
1364 1967 1471 2052 „Mota

298 2108 414 2153 manus
448 2105 616 2172 procerum
652 2083 721 2148 est’'
755 2085 800 2147 ita
836 2084 990 2168 explieat:
1029 2103 1149 2168 „reges
1183 2083 1319 2165 iudices,
1354 2103 1471 2148 manus

298 2206 470 2266 moverunt
500 2200 551 2264 vel
577 2197 647 2278 πρὸς
677 2195 731 2270 τὴν
757 2195 936 2278 χειροτονίαν
960 2199 1010 2264 vel
1034 2203 1071 2263 ut
1094 2197 1227 2263 tabellas
1251 2203 1416 2263 sumerent
1438 2202 1472 2261 et

297 2318 331 2380 in
354 2334 469 2380 urnam
494 2311 720 2377 coniicerent’'.

836 2547 933 2612 XIV.-

341 2761 544 2844 Thuoydides
564 2761 708 2846 opinioni
727 2760 826 2826 falsae
837 2761 932 2825 fidem
947 2760 1059 2824 habuit
1071 2779 1144 2824 oum
1159 2765 1303 2825 narraret
1314 2760 1357 2843 (8,
1371 2762 1424 2844 92,
1437 2764 1470 2842 2)

299 2877 523 2959 Phrynichum
546 2893 736 2959 percussum
761 2893 832 2940 esse
857 2875 910 2937 ὑπ’
935 2873 1035 2955 ἀνδρὸς
1058 2877 1115 2938 τῶν
1138 2871 1306 2954 περιπόλων
1329 2872 1415 2946 τινός.

850 3135 924 3201 XV.

341 3347 536 3412 Faciendum
572 3367 634 3411 non
666 3352 714 3411 est
744 3366 817 3411 cum
850 3348 919 3410 viro
943 3346 1068 3410 01.Ju1.
1092 3347 1212 3412 Belooh
1237 3347 1361 3430 (Rhein.
1386 3347 1470 3412 Mus.

298 3461 350 3544 39,
385 3481 414 3546 p.
446 3462 510 3525 239
524 3465 604 3544 sqq.)
639 3460 845 3525 existimante
874 3461 928 3534 τὴν
953 3459 1113 3538 bratteata
1137 3462 1246 3542 (Arist.
1269 3461 1335 3525 ΑΡ.
1359 3462 1413 3545 28,
1437 3464 1471 3544 3)

295 3573 396 3639 fnisse
429 3575 617 3659 pensionem
649 3592 690 3638 ex
713 3576 860 3657 pecuniis
884 3572 1048 3639 Minervae
1072 3577 1172 3639 saeris
1197 3595 1261 3660 qua
1284 3576 1471 3660 expleretur

295 3689 490 3774 stipendium
514 3686 678 3752 iudicibus
701 3687 893 3752 solvendum
922 3686 955 3772 (ὅ
979 3686 1153 3761 einamma
1176 3687 1312 3774 μισθός).

837 3923 927 3987 XVI.

340 4135 432 4212 Quod
467 4138 506 4201 de
540 4138 758 4201 centuriarum
795 4136 1002 4221 discriptione
1032 4138 1164 4203 tradidit
1195 4138 1304 4204 Cicero
1336 4140 1375 4204 de
1403 4159 1470 4224 rep.

296 4251 327 4333 2,
353 4251 406 4332 22,
430 4252 471 4314 39
486 4271 531 4335 sq.
556 4251 654 4334 (quod
678 4255 840 4316 servatum
864 4251 957 4316 nobis
979 4255 1029 4316 est
1051 4254 1084 4315 iu
1106 4253 1312 4339 palimpsesto
1331 4273 1470 4339 percor-

295 4366 468 4429 rectiouem
504 4385 618 4430 manus
653 4366 834 4448 secundae),
867 4367 1005 4450 pertinet
1036 4368 1076 4431 ad
1106 4369 1210 4452 ipsius
1232 4372 1379 4452 aetatem,
1401 4389 1469 4432 non

296 4478 336 4542 ad
360 4483 488 4564 tempus
512 4479 598 4564 quod
621 4479 685 4544 fuit
706 4485 781 4545 ante
804 4500 926 4544 annum
952 4481 1025 4545 241.
