3400 5212
814 524 853 588 91

250 706 348 780 σιωπὴ
386 707 488 780 πολλὴ
523 704 556 784 ἦν
593 708 675 790 πωροὶ
709 714 766 774 πῶν
797 707 909 775 ἄλλων.
942 711 1012 775 Hac
1043 731 1173 796 quoque
1196 703 1237 776 ¹in
1261 713 1422 778 locutione

248 823 515 903 praepositionem
540 843 605 886 non
630 843 762 908 prorsus
782 825 821 888 ad
843 824 976 889 verbum
999 826 1223 908 pertineresed
1237 826 1332 889 etiam
1345 845 1420 890 cum

248 932 450 998 substantivo
474 941 560 1000 erote
583 938 751 1002 cohaerere
774 943 859 1021 patet
882 957 922 1002 ex
942 939 1013 1003 aliis
1032 938 1249 1003 locutionibus
1269 938 1324 1004 ubi
1345 939 1420 1004 sub-

249 1049 425 1112 stantivum
450 1049 549 1122 σιωπὴ
569 1068 643 1113 cum
663 1053 898 1134 praepositione
911 1052 995 1131 πωρον
1007 1054 1216 1116 coniunctum
1230 1053 1301 1117 aliis
1314 1052 1421 1117 verbis

248 1159 393 1223 additum
413 1166 477 1241 est3
494 1161 631 1246 legimus
645 1162 734 1226 verbi
746 1183 844 1228 cansa
855 1166 942 1248 apud
955 1164 1100 1230 Cassium
1114 1167 1220 1249 ipsum
1232 1163 1284 1252 (fr.
1297 1168 1349 1244 43,
1363 1164 1400 1246 6)
1412 1187 1419 1229 :

247 1269 395 1352 οοῦποορκες
430 1271 490 1355 ἔφη
523 1273 682 1355 μωρπύρνον
713 1275 766 1348 τὴν
790 1277 904 1350 ονωπίρν
928 1281 1000 1358 παρ’
1022 1277 1203 1359 οὲμφοπέρων
1229 1276 1323 1360 ἔχειν,
1346 1299 1419 1343 nam

248 1387 323 1450 iicet
358 1406 423 1450 non
459 1389 570 1452 eodem
608 1391 685 1454 haec
718 1391 850 1455 redeant
885 1411 922 1455 ac
957 1395 984 1456 si
1016 1391 1070 1464 rim
1100 1391 1282 1473 ἀμφοτέρων
1305 1393 1419 1466 σιωπὴν

248 1500 393 1582 dixisset,
417 1507 524 1566 tamen
550 1503 707 1567 vocabula
731 1504 846 1578 oronim
869 1505 940 1585 παρ’
961 1504 1141 1586 ἀμφοτέρων
1162 1526 1259 1570 unam
1278 1506 1422 1572 efficiunt

247 1612 569 1701 locutionem.(dixit
594 1635 628 1681 se
652 1618 815 1682 silentium
843 1620 1011 1704 utriusque
1031 1621 1129 1704 partis
1141 1620 1292 1684 idoneum
1306 1620 1422 1685 habere

249 1725 503 1814 testimonium);
528 1729 614 1812 apud
638 1729 884 1815 Xenophontem
909 1730 1009 1819 (Heli.
1030 1734 1059 1814 6,
1079 1735 1109 1815 3,
1130 1730 1204 1818 10):
1226 1732 1316 1796 τοῦτ’
1330 1733 1421 1796 εἰπὼν

248 1839 362 1929 ονωπὶρν
387 1839 470 1920 ποοροὶ
494 1839 613 1906 ποίνπων
637 1842 773 1917 ἐποίησεν
796 1843 898 1931 (quus
922 1845 977 1908 ubi
1001 1846 1093 1925 dixit,
1117 1845 1219 1909 effecit
1239 1851 1275 1910 ut
1295 1868 1313 1911 a
1333 1853 1422 1931 parte

248 1956 392 2019 omnium
418 1956 583 2020 silentium
606 1955 721 2044 fieret),
746 1957 801 2022 ubi
821 1962 1086 2043 praepositionem
1109 1958 1193 2039 πωρον
1212 1962 1253 2025 ad
1272 1961 1421 2025 substan·

247 2071 350 2134 tivum
375 2071 534 2153 pertinere
557 2070 650 2135 facile
671 2072 857 2155 inspicitur;
883 2073 1022 2156 denique
1042 2074 1126 2157 apud
1147 2073 1335 2156 Sophoclem
1355 2071 1420 2160 (El.

247 2183 346 2268 469):
380 2182 453 2259 σιγὴ
482 2182 553 2262 ποορ’
579 2183 660 2261 ὑμῶν
682 2182 768 2258 ἔστω,
793 2205 858 2269 quo
883 2187 951 2250 loco
976 2187 1059 2251 idem
1085 2186 1168 2250 valet
1192 2186 1231 2250 de
1255 2186 1421 2252 vocabulis

177 2305 185 2331 ²
248 2295 318 2374 σιγὴ
334 2345 340 2360 .
355 2343 362 2359 .
378 2341 408 2358 ..
437 2294 513 2360 ἔστω
537 2301 635 2382 atquo
658 2298 697 2363 de
720 2301 878 2382 proximis
901 2300 1068 2364 vocabulis
1092 2299 1205 2372 σιωπὴν
1220 2349 1226 2364 .
1242 2347 1248 2361 .
1265 2346 1294 2363 ..
1318 2297 1419 2372 ἐποίη-

249 2435 307 2482 σεν,
344 2410 464 2494 quibus
501 2412 657 2495 exemplis
687 2413 761 2476 addi
792 2419 895 2497 potest
925 2414 1015 2477 locus
1038 2433 1079 2478 ex
1104 2413 1246 2478 Lucieno
1270 2411 1420 2500 (Demon.

248 2543 273 2587 o.
309 2522 384 2610 63):
421 2523 535 2597 σιωπὴν
570 2523 601 2588 δὲ
638 2523 773 2601 γενέσθαι
811 2525 894 2605 πωροὶ
927 2524 1056 2590 ποὶνπων.
1082 2525 1240 2591 Omnibus
1264 2528 1421 2610 exemplis

248 2641 422 2720 perspectis
456 2639 662 2702 statuendum
698 2639 826 2704 videtur
860 2643 1126 2723 praepositionem
1157 2646 1221 2704 tam
1254 2642 1422 2705 cohaerere

247 2770 321 2815 cum
346 2751 547 2816 substantivo
572 2772 668 2835 quam
692 2771 765 2817 cum
791 2753 888 2816 verbo
911 2748 993 2816 εἶνοω.

293 2864 344 2928 Ex
378 2865 448 2930 aliis
482 2867 692 2950 scriptoribus
727 2868 784 2951 qui
818 2867 952 2932 verbum
988 2861 1159 2931 rivaticum
1185 2867 1421 2951 praepositione

251 2977 334 3058 πωροι
368 2981 577 3044 coniunctum
609 2985 856 3064 usurpaverunt,
879 2979 1077 3044 Herodotum
1104 2980 1208 3044 solnm
1233 2981 1338 3064 laudo,
1364 2983 1420 3064 qui

250 3091 291 3155 ΙΙ.
315 3092 358 3155 45
381 3095 428 3156 ita
452 3092 562 3156 habet:

292 3211 428 3270 ποοοοῦποο
452 3207 522 3284 ἡμῖν
547 3207 660 3270 εἰποῦσι
686 3206 769 3287 πονροὶ
790 3211 846 3270 πῶν
870 3209 936 3271 θεῶν
960 3206 1097 3284 εὐμένεια
1121 3205 1163 3280 εἴν
1189 3206 1263 3295 (ubi
1287 3228 1417 3292 praepo·

248 3321 321 3383 sitio
347 3320 430 3399 πονροὶ
454 3341 472 3384 a
496 3321 699 3386 substantivo
723 3341 853 3405 quoque
876 3319 1014 3398 εὐμένενον
1038 3322 1176 3405 pendere
1200 3318 1352 3407 videtur).

292 3433 332 3496 Ii.
360 3436 438 3499 120:
472 3437 529 3498 πῶν
553 3432 698 3512 μεγοέλων
720 3433 917 3512 οὶδικνμοὶπων
941 3432 1080 3512 μεροέλοω
1104 3433 1161 3498 εἶσὶ
1186 3433 1239 3497 κω)
1265 3435 1298 3497 ai
1321 3458 1419 3511 πνμω-

248 3545 307 3626 ρίοω
332 3546 416 3627 ποορόο
440 3551 496 3610 πῶν
522 3548 598 3630 θεῶν,

291 3660 315 3723 Ι.
351 3662 387 3724 4:
420 3660 565 3740 οὶρποογοὶς
596 3660 707 3740 μούνας
730 3656 804 3724 εἶνοω
830 3661 901 3740 ποορ’
926 3661 1080 3735 ἀλλήλων,
1106 3680 1189 3745 quae
1212 3659 1310 3724 verba
1334 3660 1419 3724 idcm

247 3773 313 3838 fere
344 3777 450 3840 valent
481 3784 577 3860 atquo
600 3772 781 3855 ἐξωρποὶζεον
805 3775 876 3854 ποορ’
901 3775 1046 3850 ἀλλήλων
1069 3773 1116 3861 (8,
1142 3771 1221 3860 135)
1245 3774 1295 3838 vel
1319 3771 1418 3838 κλέπ-

248 3912 309 3951 πεον
335 3887 405 3968 πωρ’
430 3888 575 3962 ἀλλήλων
596 3886 643 3974 (l,
669 3885 758 3974 186).

292 4002 381 4066 Idem
417 4002 483 4066 fere
518 4002 605 4086 quod
637 4002 780 4066 diximus
812 4001 851 4065 de
875 4000 973 4064 verbo
997 3995 1071 4063 εἷνοω
1096 4001 1268 4065 dicendum
1293 4000 1421 4065 ridetur

248 4116 288 4180 de
322 4115 420 4182 verbo
458 4112 609 4196 ὑπάρχειν
645 4116 732 4199 quod
766 4116 909 4181 eiusdem
945 4114 1188 4198 significationis
1220 4115 1284 4178 dici
1307 4119 1418 4198 potest.

248 4227 385 4293 Duobus
419 4230 577 4313 exemplis
612 4227 681 4316 (37,
716 4231 768 4309 23,
804 4231 824 4293 2
859 4233 891 4293 et
925 4229 977 4310 52,
1003 4228 1052 4304 12,
1076 4226 1113 4314 2)
1136 4231 1310 4312 perspectis
1334 4230 1421 4293 varie

248 4343 515 4426 praepositionem
552 4343 690 4427 pendere
721 4343 809 4406 dieas
841 4363 859 4406 a
883 4341 982 4406 verbo
1006 4340 1289 4426 substantivoque:
1314 4345 1420 4427 priore

250 4456 336 4519 enim
371 4455 520 4540 exemplo
543 4455 609 4520 fere
634 4456 764 4519 omnino
788 4475 861 4518 cum
887 4454 985 4518 verbo
1009 4454 1179 4519 cohaerere
1203 4455 1330 4520 videtur
1352 4453 1420 4542 (res
