<?xml version="1.0" encoding="UTF-8"?>
<!DOCTYPE html PUBLIC "-//W3C//DTD XHTML 1.0 Transitional//EN"
    "http://www.w3.org/TR/xhtml1/DTD/xhtml1-transitional.dtd">
<html xmlns="http://www.w3.org/1999/xhtml" xml:lang="en" lang="en">
 <head>
  <title>
</title>
<meta http-equiv="Content-Type" content="text/html;charset=utf-8" />
  <meta name='ocr-system' content='tesseract 3.04.00' />
  <meta name='ocr-capabilities' content='ocr_page ocr_carea ocr_par ocr_line ocrx_word'/>
</head>
<body>
  <div class='ocr_page' id='page_1' title='image "./depraepositioni00nawigoog_0110.png"; bbox 0 0 3400 5212; ppageno 0'>
   <div class='ocr_carea' id='block_1_1' title="bbox 820 528 882 592">
    <p class='ocr_par' dir='ltr' id='par_1_1' title="bbox 820 528 882 592">
     <span class='ocr_line' id='line_1_1' title="bbox 820 528 882 592; baseline 0.032 -2"><span class='ocrx_word' id='word_1_1' title='bbox 820 528 882 592; x_wconf 86' lang='lat'><strong>101</strong></span> 
     </span>
    </p>
   </div>
   <div class='ocr_carea' id='block_1_2' title="bbox 265 712 1469 4557">
    <p class='ocr_par' dir='ltr' id='par_1_2' title="bbox 265 712 1440 1025">
     <span class='ocr_line' id='line_1_2' title="bbox 310 712 1439 800; baseline -0.002 -20"><span class='ocrx_word' id='word_1_2' title='bbox 310 718 364 800; x_wconf 87' lang='lat'><strong>46,</strong></span> <span class='ocrx_word' id='word_1_3' title='bbox 391 718 443 800; x_wconf 94' lang='grc'><strong>16,</strong></span> <span class='ocrx_word' id='word_1_4' title='bbox 467 717 504 781; x_wconf 83' lang='grc'><strong>2;</strong></span> <span class='ocrx_word' id='word_1_5' title='bbox 529 712 606 780; x_wconf 77' lang='grc' dir='ltr'><em>θίστε</em></span> <span class='ocrx_word' id='word_1_6' title='bbox 628 715 681 779; x_wconf 83' lang='grc' dir='ltr'><strong>καί</strong></span> <span class='ocrx_word' id='word_1_7' title='bbox 707 715 760 789; x_wconf 78' lang='grc' dir='ltr'><strong>την</strong></span> <span class='ocrx_word' id='word_1_8' title='bbox 784 715 930 797; x_wconf 77' lang='grc' dir='ltr'><em>Φυλακην</em></span> <span class='ocrx_word' id='word_1_9' title='bbox 954 723 1009 790; x_wconf 74' lang='grc' dir='ltr'><strong>τῆς</strong></span> <span class='ocrx_word' id='word_1_10' title='bbox 1033 714 1148 788; x_wconf 79' lang='grc' dir='ltr'><em>πόλεως</em></span> <span class='ocrx_word' id='word_1_11' title='bbox 1173 717 1245 797; x_wconf 82' lang='grc' dir='ltr'><em>παρ’</em></span> <span class='ocrx_word' id='word_1_12' title='bbox 1270 715 1350 794; x_wconf 79' lang='grc' dir='ltr'><em>ὑμῶν</em></span> <span class='ocrx_word' id='word_1_13' title='bbox 1365 767 1371 780; x_wconf 93' lang='grc'><strong>.</strong></span> <span class='ocrx_word' id='word_1_14' title='bbox 1387 765 1394 780; x_wconf 91' lang='grc'><em>.</em></span> <span class='ocrx_word' id='word_1_15' title='bbox 1410 764 1439 779; x_wconf 89' lang='grc'><strong>..</strong></span> 
     </span>
     <span class='ocr_line' id='line_1_3' title="bbox 265 828 1440 914; baseline 0.001 -23"><span class='ocrx_word' id='word_1_16' title='bbox 265 828 424 910; x_wconf 85' lang='grc' dir='ltr'><em>ἐπετροίπη</em></span> <span class='ocrx_word' id='word_1_17' title='bbox 461 831 518 914; x_wconf 85' lang='lat' dir='ltr'><strong>(so.</strong></span> <span class='ocrx_word' id='word_1_18' title='bbox 552 829 738 914; x_wconf 83' lang='lat' dir='ltr'><strong>Antonius),</strong></span> <span class='ocrx_word' id='word_1_19' title='bbox 770 850 910 914; x_wconf 86' lang='lat' dir='ltr'><strong>quocum</strong></span> <span class='ocrx_word' id='word_1_20' title='bbox 934 829 973 893; x_wconf 85' lang='lat' dir='ltr'><strong>cf.</strong></span> <span class='ocrx_word' id='word_1_21' title='bbox 997 829 1093 895; x_wconf 88' lang='lat' dir='ltr'><strong>Thuo.</strong></span> <span class='ocrx_word' id='word_1_22' title='bbox 1121 833 1150 914; x_wconf 89' lang='lat' dir='ltr'><strong>l,</strong></span> <span class='ocrx_word' id='word_1_23' title='bbox 1177 832 1251 914; x_wconf 90' lang='grc'><strong>126,</strong></span> <span class='ocrx_word' id='word_1_24' title='bbox 1278 833 1313 894; x_wconf 83' lang='grc'><strong>1;</strong></span> <span class='ocrx_word' id='word_1_25' title='bbox 1339 830 1365 894; x_wconf 84' lang='grc' dir='ltr'><strong>οἱ</strong></span> <span class='ocrx_word' id='word_1_26' title='bbox 1384 831 1440 892; x_wconf 79' lang='grc' dir='ltr'><strong>τῶν</strong></span> 
     </span>
     <span class='ocr_line' id='line_1_4' title="bbox 266 941 958 1025; baseline -0.001 -18"><span class='ocrx_word' id='word_1_27' title='bbox 266 941 425 1017; x_wconf 82' lang='grc' dir='ltr'><em>Ἀθηναίων</em></span> <span class='ocrx_word' id='word_1_28' title='bbox 446 942 701 1024; x_wconf 65' lang='grc' dir='ltr'><em>ἐπιτετραμμένοι</em></span> <span class='ocrx_word' id='word_1_29' title='bbox 727 941 781 1015; x_wconf 77' lang='grc' dir='ltr'><strong>την</strong></span> <span class='ocrx_word' id='word_1_30' title='bbox 805 944 958 1025; x_wconf 77' lang='grc' dir='ltr'><em>Φυλακην.</em></span> 
     </span>
    </p>

    <p class='ocr_par' dir='ltr' id='par_1_3' title="bbox 266 1050 1440 1348">
     <span class='ocr_line' id='line_1_5' title="bbox 309 1050 1438 1142; baseline -0.001 -21"><span class='ocrx_word' id='word_1_31' title='bbox 309 1057 364 1141; x_wconf 90' lang='grc'><strong>46,</strong></span> <span class='ocrx_word' id='word_1_32' title='bbox 386 1057 440 1140; x_wconf 98' lang='grc'><strong>23,</strong></span> <span class='ocrx_word' id='word_1_33' title='bbox 464 1058 501 1121; x_wconf 86' lang='lat'><strong>3:</strong></span> <span class='ocrx_word' id='word_1_34' title='bbox 526 1050 559 1129; x_wconf 79' lang='grc' dir='ltr'><strong>ἣν</strong></span> <span class='ocrx_word' id='word_1_35' title='bbox 582 1057 639 1142; x_wconf 84' lang='lat' dir='ltr'><strong>(so.</strong></span> <span class='ocrx_word' id='word_1_36' title='bbox 664 1056 792 1141; x_wconf 79' lang='grc' dir='ltr'><em>Κρήτην)</em></span> <span class='ocrx_word' id='word_1_37' title='bbox 817 1053 935 1137; x_wconf 78' lang='grc' dir='ltr'><em>ὕστερον</em></span> <span class='ocrx_word' id='word_1_38' title='bbox 959 1058 1066 1130; x_wconf 77' lang='grc' dir='ltr'><em>ἐκεῖνος</em></span> <span class='ocrx_word' id='word_1_39' title='bbox 1087 1058 1158 1138; x_wconf 89' lang='grc' dir='ltr'><em>παρ’</em></span> <span class='ocrx_word' id='word_1_40' title='bbox 1172 1054 1438 1142; x_wconf 79' lang='grc' dir='ltr'><em>ημῶνέπετροίπη.</em></span> 
     </span>
     <span class='ocr_line' id='line_1_6' title="bbox 266 1145 1440 1254; baseline 0 -20"><span class='ocrx_word' id='word_1_41' title='bbox 266 1169 411 1254; x_wconf 87' lang='lat' dir='ltr'><strong>Utroque</strong></span> <span class='ocrx_word' id='word_1_42' title='bbox 441 1170 511 1234; x_wconf 83' lang='lat' dir='ltr'><strong>loco</strong></span> <span class='ocrx_word' id='word_1_43' title='bbox 535 1188 641 1234; x_wconf 86' lang='lat' dir='ltr'><strong>sermo</strong></span> <span class='ocrx_word' id='word_1_44' title='bbox 665 1175 714 1234; x_wconf 89' lang='lat' dir='ltr'><strong>est</strong></span> <span class='ocrx_word' id='word_1_45' title='bbox 737 1171 776 1234; x_wconf 90' lang='lat' dir='ltr'><strong>de</strong></span> <span class='ocrx_word' id='word_1_46' title='bbox 800 1172 967 1253; x_wconf 83' lang='lat' dir='ltr'><strong>provincia</strong></span> <span class='ocrx_word' id='word_1_47' title='bbox 990 1171 1138 1254; x_wconf 88' lang='lat' dir='ltr'><strong>quadam,</strong></span> <span class='ocrx_word' id='word_1_48' title='bbox 1163 1192 1181 1236; x_wconf 88' lang='lat' dir='ltr'><strong>a</strong></span> <span class='ocrx_word' id='word_1_49' title='bbox 1205 1145 1318 1236; x_wconf 86' lang='lat' dir='ltr'><strong>senatu</strong></span> <span class='ocrx_word' id='word_1_50' title='bbox 1343 1172 1440 1235; x_wconf 87' lang='lat' dir='ltr'><strong>alicui</strong></span> 
     </span>
     <span class='ocr_line' id='line_1_7' title="bbox 266 1284 423 1348; baseline -0.006 -1"><span class='ocrx_word' id='word_1_51' title='bbox 266 1284 423 1348; x_wconf 87' lang='lat' dir='ltr'><strong>mandata.</strong></span> 
     </span>
    </p>

    <p class='ocr_par' dir='ltr' id='par_1_4' title="bbox 265 1396 1439 1597">
     <span class='ocr_line' id='line_1_8' title="bbox 310 1396 1439 1484; baseline 0 -23"><span class='ocrx_word' id='word_1_52' title='bbox 310 1398 364 1481; x_wconf 90' lang='grc'><strong>53,</strong></span> <span class='ocrx_word' id='word_1_53' title='bbox 396 1398 450 1480; x_wconf 87' lang='lat'><strong>33,</strong></span> <span class='ocrx_word' id='word_1_54' title='bbox 482 1399 520 1462; x_wconf 84' lang='lat'><strong>2:</strong></span> <span class='ocrx_word' id='word_1_55' title='bbox 558 1396 740 1477; x_wconf 73' lang='grc' dir='ltr'><em>ἐπιτραπείη</em></span> <span class='ocrx_word' id='word_1_56' title='bbox 765 1398 836 1478; x_wconf 87' lang='grc' dir='ltr'><em>παρ’</em></span> <span class='ocrx_word' id='word_1_57' title='bbox 862 1398 958 1473; x_wconf 75' lang='grc' dir='ltr'><em>αὐτῆς</em></span> <span class='ocrx_word' id='word_1_58' title='bbox 982 1399 1039 1482; x_wconf 84' lang='lat' dir='ltr'><strong>(so.</strong></span> <span class='ocrx_word' id='word_1_59' title='bbox 1063 1405 1119 1474; x_wconf 71' lang='grc' dir='ltr'><em>τῆς</em></span> <span class='ocrx_word' id='word_1_60' title='bbox 1143 1399 1272 1484; x_wconf 78' lang='grc' dir='ltr'><em>βουλῆς)</em></span> <span class='ocrx_word' id='word_1_61' title='bbox 1296 1397 1350 1470; x_wconf 76' lang='grc' dir='ltr'><em>τέιν</em></span> <span class='ocrx_word' id='word_1_62' title='bbox 1374 1396 1439 1461; x_wconf 75' lang='lat' dir='ltr'><strong>aot·</strong></span> 
     </span>
     <span class='ocr_line' id='line_1_9' title="bbox 265 1512 1107 1597; baseline 0.002 -23"><span class='ocrx_word' id='word_1_63' title='bbox 265 1534 371 1588; x_wconf 74' lang='grc' dir='ltr'><em>νουσιν</em></span> <span class='ocrx_word' id='word_1_64' title='bbox 393 1512 426 1595; x_wconf 89' lang='lat' dir='ltr'><strong>(a</strong></span> <span class='ocrx_word' id='word_1_65' title='bbox 448 1516 561 1577; x_wconf 88' lang='lat' dir='ltr'><strong>senatu</strong></span> <span class='ocrx_word' id='word_1_66' title='bbox 586 1512 652 1576; x_wconf 88' lang='lat' dir='ltr'><strong>litis</strong></span> <span class='ocrx_word' id='word_1_67' title='bbox 676 1513 859 1596; x_wconf 83' lang='lat' dir='ltr'>cognitione</span> <span class='ocrx_word' id='word_1_68' title='bbox 882 1512 1107 1597; x_wconf 81' lang='lat' dir='ltr'><strong>ei&#39;mandata).</strong></span> 
     </span>
    </p>

    <p class='ocr_par' dir='ltr' id='par_1_5' title="bbox 265 1624 1441 1939">
     <span class='ocr_line' id='line_1_10' title="bbox 310 1624 1441 1710; baseline 0.002 -23"><span class='ocrx_word' id='word_1_69' title='bbox 310 1625 364 1709; x_wconf 84' lang='lat'><strong>46,</strong></span> <span class='ocrx_word' id='word_1_70' title='bbox 400 1627 454 1710; x_wconf 92' lang='grc'><strong>26,</strong></span> <span class='ocrx_word' id='word_1_71' title='bbox 490 1627 527 1690; x_wconf 88' lang='lat'><strong>3:</strong></span> <span class='ocrx_word' id='word_1_72' title='bbox 564 1624 578 1689; x_wconf 81' lang='grc' dir='ltr'><em>ὃ</em></span> <span class='ocrx_word' id='word_1_73' title='bbox 615 1625 686 1706; x_wconf 84' lang='grc' dir='ltr'><em>πρὸς</em></span> <span class='ocrx_word' id='word_1_74' title='bbox 709 1626 764 1699; x_wconf 79' lang='grc' dir='ltr'><strong>την</strong></span> <span class='ocrx_word' id='word_1_75' title='bbox 787 1626 1009 1706; x_wconf 65' lang='grc' dir='ltr'><em>ἐπιτραπεῖσιν</em></span> <span class='ocrx_word' id='word_1_76' title='bbox 1033 1626 1115 1706; x_wconf 80' lang='grc' dir='ltr'><em>αὐτῷ</em></span> <span class='ocrx_word' id='word_1_77' title='bbox 1140 1627 1211 1706; x_wconf 88' lang='grc' dir='ltr'><em>παρ’</em></span> <span class='ocrx_word' id='word_1_78' title='bbox 1236 1627 1319 1704; x_wconf 74' lang='grc' dir='ltr'><em>ἡμῶν</em></span> <span class='ocrx_word' id='word_1_79' title='bbox 1341 1626 1441 1706; x_wconf 67' lang='grc' dir='ltr'><em>ἀρχὴν</em></span> 
     </span>
     <span class='ocr_line' id='line_1_11' title="bbox 265 1739 1441 1825; baseline 0.002 -24"><span class='ocrx_word' id='word_1_80' title='bbox 265 1739 464 1813; x_wconf 77' lang='grc' dir='ltr'><em>ἐπειιηιιυθώς</em></span> <span class='ocrx_word' id='word_1_81' title='bbox 498 1740 570 1825; x_wconf 86' lang='lat' dir='ltr'><strong>(qui</strong></span> <span class='ocrx_word' id='word_1_82' title='bbox 605 1741 644 1804; x_wconf 90' lang='lat' dir='ltr'><strong>ad</strong></span> <span class='ocrx_word' id='word_1_83' title='bbox 679 1741 878 1824; x_wconf 87' lang='lat' dir='ltr'><strong>provinciam</strong></span> <span class='ocrx_word' id='word_1_84' title='bbox 912 1740 973 1804; x_wconf 88' lang='lat' dir='ltr'>sibi</span> <span class='ocrx_word' id='word_1_85' title='bbox 1004 1739 1139 1806; x_wconf 88' lang='lat' dir='ltr'><strong>anobis</strong></span> <span class='ocrx_word' id='word_1_86' title='bbox 1165 1740 1345 1805; x_wconf 85' lang='lat' dir='ltr'><strong>mandatam</strong></span> <span class='ocrx_word' id='word_1_87' title='bbox 1369 1759 1441 1824; x_wconf 89' lang='lat' dir='ltr'><strong>pro·</strong></span> 
     </span>
     <span class='ocr_line' id='line_1_12' title="bbox 265 1853 465 1939; baseline 0.01 -23"><span class='ocrx_word' id='word_1_88' title='bbox 265 1853 369 1919; x_wconf 80' lang='lat' dir='ltr'><strong>fectus</strong></span> <span class='ocrx_word' id='word_1_89' title='bbox 393 1854 465 1939; x_wconf 90' lang='lat' dir='ltr'><strong>est).</strong></span> 
     </span>
    </p>

    <p class='ocr_par' dir='ltr' id='par_1_6' title="bbox 270 1966 1440 2165">
     <span class='ocr_line' id='line_1_13' title="bbox 311 1966 1440 2052; baseline 0.001 -21"><span class='ocrx_word' id='word_1_90' title='bbox 311 1968 365 2052; x_wconf 82' lang='lat'><strong>54,</strong></span> <span class='ocrx_word' id='word_1_91' title='bbox 397 1969 450 2052; x_wconf 89' lang='grc'><strong>24,</strong></span> <span class='ocrx_word' id='word_1_92' title='bbox 482 1969 519 2032; x_wconf 89' lang='lat'><strong>4:</strong></span> <span class='ocrx_word' id='word_1_93' title='bbox 552 1969 607 2042; x_wconf 81' lang='grc' dir='ltr'><strong>την</strong></span> <span class='ocrx_word' id='word_1_94' title='bbox 637 1967 736 2048; x_wconf 73' lang='grc' dir='ltr'><em>οὶρχέην</em></span> <span class='ocrx_word' id='word_1_95' title='bbox 762 1966 846 2048; x_wconf 73' lang='grc' dir='ltr'><em>παρὰ</em></span> <span class='ocrx_word' id='word_1_96' title='bbox 869 1971 921 2031; x_wconf 83' lang='grc' dir='ltr'><strong>τοῦ</strong></span> <span class='ocrx_word' id='word_1_97' title='bbox 945 1967 1045 2047; x_wconf 76' lang='grc' dir='ltr'><em>ανδρθς</em></span> <span class='ocrx_word' id='word_1_98' title='bbox 1069 1966 1334 2047; x_wconf 76' lang='grc' dir='ltr'><em>ἐπιτετραμμένην</em></span> <span class='ocrx_word' id='word_1_99' title='bbox 1357 1967 1440 2052; x_wconf 83' lang='lat' dir='ltr'><strong>(reg-</strong></span> 
     </span>
     <span class='ocr_line' id='line_1_14' title="bbox 270 2080 885 2165; baseline -0.002 -20"><span class='ocrx_word' id='word_1_100' title='bbox 270 2100 348 2146; x_wconf 89' lang='lat' dir='ltr'><strong>num</strong></span> <span class='ocrx_word' id='word_1_101' title='bbox 374 2103 392 2145; x_wconf 89' lang='lat' dir='ltr'><strong>a</strong></span> <span class='ocrx_word' id='word_1_102' title='bbox 416 2082 531 2146; x_wconf 86' lang='lat' dir='ltr'><strong>marito</strong></span> <span class='ocrx_word' id='word_1_103' title='bbox 555 2082 740 2146; x_wconf 89' lang='lat' dir='ltr'><strong>mandatum</strong></span> <span class='ocrx_word' id='word_1_104' title='bbox 766 2101 809 2146; x_wconf 87' lang='lat' dir='ltr'><strong>so.</strong></span> <span class='ocrx_word' id='word_1_105' title='bbox 834 2080 885 2165; x_wconf 89' lang='lat' dir='ltr'><strong>ei).</strong></span> 
     </span>
    </p>

    <p class='ocr_par' dir='ltr' id='par_1_7' title="bbox 265 2193 1440 2846">
     <span class='ocr_line' id='line_1_15' title="bbox 309 2193 1440 2278; baseline -0.001 -19"><span class='ocrx_word' id='word_1_106' title='bbox 309 2194 473 2259; x_wconf 82' lang='lat' dir='ltr'>Proximis</span> <span class='ocrx_word' id='word_1_107' title='bbox 497 2193 626 2259; x_wconf 88' lang='lat' dir='ltr'><strong>duobus</strong></span> <span class='ocrx_word' id='word_1_108' title='bbox 650 2195 806 2278; x_wconf 84' lang='lat' dir='ltr'><strong>exemplis</strong></span> <span class='ocrx_word' id='word_1_109' title='bbox 830 2195 923 2259; x_wconf 86' lang='lat' dir='ltr'><strong>aliter</strong></span> <span class='ocrx_word' id='word_1_110' title='bbox 947 2198 1122 2278; x_wconf 87' lang='lat' dir='ltr'><strong>usurpatur</strong></span> <span class='ocrx_word' id='word_1_111' title='bbox 1146 2195 1311 2278; x_wconf 87' lang='lat' dir='ltr'><strong>passivum</strong></span> <span class='ocrx_word' id='word_1_112' title='bbox 1335 2213 1440 2278; x_wconf 82' lang='lat' dir='ltr'><strong>genus</strong></span> 
     </span>
     <span class='ocr_line' id='line_1_16' title="bbox 265 2308 1439 2393; baseline -0.002 -21"><span class='ocrx_word' id='word_1_113' title='bbox 265 2313 362 2392; x_wconf 88' lang='lat' dir='ltr'><strong>atque</strong></span> <span class='ocrx_word' id='word_1_114' title='bbox 395 2310 510 2374; x_wconf 85' lang='lat' dir='ltr'><strong>ceteris</strong></span> <span class='ocrx_word' id='word_1_115' title='bbox 541 2309 637 2388; x_wconf 87' lang='lat' dir='ltr'><strong>loois;</strong></span> <span class='ocrx_word' id='word_1_116' title='bbox 662 2309 714 2372; x_wconf 85' lang='lat' dir='ltr'><strong>hio</strong></span> <span class='ocrx_word' id='word_1_117' title='bbox 737 2310 823 2372; x_wconf 90' lang='lat' dir='ltr'><strong>enim</strong></span> <span class='ocrx_word' id='word_1_118' title='bbox 848 2309 1052 2373; x_wconf 86' lang='lat' dir='ltr'><strong>accusativus</strong></span> <span class='ocrx_word' id='word_1_119' title='bbox 1076 2310 1172 2373; x_wconf 89' lang='lat' dir='ltr'><strong>activi</strong></span> <span class='ocrx_word' id='word_1_120' title='bbox 1195 2309 1322 2393; x_wconf 85' lang='lat' dir='ltr'><strong>generis</strong></span> <span class='ocrx_word' id='word_1_121' title='bbox 1351 2308 1439 2392; x_wconf 78' lang='grc' dir='ltr'><em>(ἐπι-</em></span> 
     </span>
     <span class='ocr_line' id='line_1_17' title="bbox 266 2419 1438 2506; baseline -0.001 -20"><span class='ocrx_word' id='word_1_122' title='bbox 266 2421 364 2502; x_wconf 81' lang='grc' dir='ltr'><em>τρέποι</em></span> <span class='ocrx_word' id='word_1_123' title='bbox 407 2421 483 2494; x_wconf 77' lang='grc' dir='ltr'><strong>την</strong></span> <span class='ocrx_word' id='word_1_124' title='bbox 517 2419 662 2501; x_wconf 73' lang='grc' dir='ltr'><em>ἀρχήν</em></span> <span class='ocrx_word' id='word_1_125' title='bbox 695 2420 773 2505; x_wconf 90' lang='grc' dir='ltr'><em>τινι)</em></span> <span class='ocrx_word' id='word_1_126' title='bbox 808 2423 1026 2486; x_wconf 77' lang='lat' dir='ltr'><strong>nominativus</strong></span> <span class='ocrx_word' id='word_1_127' title='bbox 1060 2422 1164 2486; x_wconf 85' lang='lat' dir='ltr'><strong>factus</strong></span> <span class='ocrx_word' id='word_1_128' title='bbox 1200 2427 1248 2487; x_wconf 85' lang='lat' dir='ltr'><strong>ost</strong></span> <span class='ocrx_word' id='word_1_129' title='bbox 1285 2421 1322 2506; x_wconf 79' lang='grc' dir='ltr'><strong>(η</strong></span> <span class='ocrx_word' id='word_1_130' title='bbox 1358 2422 1438 2501; x_wconf 79' lang='grc' dir='ltr'><em>οέρχη</em></span> 
     </span>
     <span class='ocr_line' id='line_1_18' title="bbox 266 2533 1439 2620; baseline 0.001 -21"><span class='ocrx_word' id='word_1_131' title='bbox 266 2533 424 2616; x_wconf 84' lang='grc' dir='ltr'><em>ἐπετροέπη</em></span> <span class='ocrx_word' id='word_1_132' title='bbox 460 2533 554 2620; x_wconf 86' lang='grc' dir='ltr'><em>τινί),</em></span> <span class='ocrx_word' id='word_1_133' title='bbox 588 2535 654 2599; x_wconf 84' lang='lat' dir='ltr'><strong>illio</strong></span> <span class='ocrx_word' id='word_1_134' title='bbox 689 2540 795 2600; x_wconf 87' lang='lat' dir='ltr'><strong>autom</strong></span> <span class='ocrx_word' id='word_1_135' title='bbox 832 2573 873 2582; x_wconf 93' lang='lat'><em>-</em></span> <span class='ocrx_word' id='word_1_136' title='bbox 909 2542 941 2599; x_wconf 84' lang='lat' dir='ltr'><strong>et</strong></span> <span class='ocrx_word' id='word_1_137' title='bbox 975 2538 1021 2600; x_wconf 88' lang='lat' dir='ltr'><strong>sic</strong></span> <span class='ocrx_word' id='word_1_138' title='bbox 1053 2537 1150 2619; x_wconf 87' lang='lat' dir='ltr'><strong>vulgo</strong></span> <span class='ocrx_word' id='word_1_139' title='bbox 1177 2573 1215 2583; x_wconf 89' lang='lat'>—</span> <span class='ocrx_word' id='word_1_140' title='bbox 1242 2536 1439 2600; x_wconf 83' lang='lat' dir='ltr'><strong>dativus</strong></span> 
     </span>
     <span class='ocr_line' id='line_1_19' title="bbox 265 2648 1440 2736; baseline -0.003 -22"><span class='ocrx_word' id='word_1_141' title='bbox 265 2651 362 2715; x_wconf 82' lang='lat' dir='ltr'><strong>activi</strong></span> <span class='ocrx_word' id='word_1_142' title='bbox 396 2652 524 2734; x_wconf 84' lang='lat' dir='ltr'><strong>generis</strong></span> <span class='ocrx_word' id='word_1_143' title='bbox 558 2648 656 2736; x_wconf 88' lang='grc' dir='ltr'><em>(τινι)</em></span> <span class='ocrx_word' id='word_1_144' title='bbox 683 2649 865 2714; x_wconf 87' lang='lat' dir='ltr'><strong>subiectum</strong></span> <span class='ocrx_word' id='word_1_145' title='bbox 889 2650 925 2714; x_wconf 92' lang='lat' dir='ltr'><strong>fit</strong></span> <span class='ocrx_word' id='word_1_146' title='bbox 948 2651 980 2712; x_wconf 91' lang='lat' dir='ltr'><strong>in</strong></span> <span class='ocrx_word' id='word_1_147' title='bbox 1006 2651 1135 2734; x_wconf 87' lang='lat' dir='ltr'><strong>passivo</strong></span> <span class='ocrx_word' id='word_1_148' title='bbox 1157 2669 1274 2734; x_wconf 84' lang='lat' dir='ltr'><strong>genere</strong></span> <span class='ocrx_word' id='word_1_149' title='bbox 1300 2648 1440 2733; x_wconf 86' lang='grc' dir='ltr'><em>(ἐπιτρέ-</em></span> 
     </span>
     <span class='ocr_line' id='line_1_20' title="bbox 268 2762 453 2846; baseline -0.011 -19"><span class='ocrx_word' id='word_1_150' title='bbox 268 2762 368 2842; x_wconf 87' lang='grc' dir='ltr'><em>πομοοί</em></span> <span class='ocrx_word' id='word_1_151' title='bbox 390 2763 453 2846; x_wconf 88' lang='grc' dir='ltr'><em>τι).</em></span> 
     </span>
    </p>

    <p class='ocr_par' dir='ltr' id='par_1_8' title="bbox 266 2875 1469 3189">
     <span class='ocr_line' id='line_1_21' title="bbox 311 2875 1440 2962; baseline -0.003 -20"><span class='ocrx_word' id='word_1_152' title='bbox 311 2879 365 2962; x_wconf 89' lang='grc'><strong>53,</strong></span> <span class='ocrx_word' id='word_1_153' title='bbox 400 2879 454 2960; x_wconf 84' lang='grc'><strong>31,</strong></span> <span class='ocrx_word' id='word_1_154' title='bbox 488 2878 526 2940; x_wconf 90' lang='lat'><strong>4:</strong></span> <span class='ocrx_word' id='word_1_155' title='bbox 562 2878 614 2941; x_wconf 84' lang='grc' dir='ltr'><strong>οὐκ</strong></span> <span class='ocrx_word' id='word_1_156' title='bbox 649 2875 794 2955; x_wconf 78' lang='grc' dir='ltr'><em>ἐβούλετο</em></span> <span class='ocrx_word' id='word_1_157' title='bbox 826 2877 1025 2962; x_wconf 84' lang='lat' dir='ltr'><strong>(Augustus)</strong></span> <span class='ocrx_word' id='word_1_158' title='bbox 1058 2877 1129 2957; x_wconf 90' lang='grc' dir='ltr'><em>παρ’</em></span> <span class='ocrx_word' id='word_1_159' title='bbox 1154 2877 1262 2942; x_wconf 80' lang='grc' dir='ltr'><em>ἑαυτοῦ</em></span> <span class='ocrx_word' id='word_1_160' title='bbox 1286 2877 1321 2951; x_wconf 72' lang='grc' dir='ltr'><strong>δίη</strong></span> <span class='ocrx_word' id='word_1_161' title='bbox 1346 2877 1440 2941; x_wconf 78' lang='grc' dir='ltr'><em>δοκεῖν</em></span> 
     </span>
     <span class='ocr_line' id='line_1_22' title="bbox 267 2985 1469 3090; baseline 0.001 -37"><span class='ocrx_word' id='word_1_162' title='bbox 267 2991 362 3065; x_wconf 79' lang='grc' dir='ltr'><em>αὐτην</em></span> <span class='ocrx_word' id='word_1_163' title='bbox 396 2990 459 3076; x_wconf 83' lang='lat' dir='ltr'><strong>(so.</strong></span> <span class='ocrx_word' id='word_1_164' title='bbox 491 2989 671 3076; x_wconf 71' lang='grc' dir='ltr'><em>ἠγεμονίαν)</em></span> <span class='ocrx_word' id='word_1_165' title='bbox 705 2985 920 3071; x_wconf 78' lang='grc' dir='ltr'><em>ἐπιτρέπεσθαι</em></span> <span class='ocrx_word' id='word_1_166' title='bbox 945 2991 1063 3075; x_wconf 86' lang='lat' dir='ltr'><strong>(noluit</strong></span> <span class='ocrx_word' id='word_1_167' title='bbox 1087 2994 1258 3076; x_wconf 82' lang='lat' dir='ltr'><strong>Augustus</strong></span> <span class='ocrx_word' id='word_1_168' title='bbox 1282 3012 1300 3055; x_wconf 86' lang='lat' dir='ltr'><strong>a</strong></span> <span class='ocrx_word' id='word_1_169' title='bbox 1322 3011 1358 3056; x_wconf 84' lang='lat' dir='ltr'><strong>so</strong></span> <span class='ocrx_word' id='word_1_170' title='bbox 1380 2993 1469 3090; x_wconf 50' lang='lat' dir='ltr'><strong>im··</strong></span> 
     </span>
     <span class='ocr_line' id='line_1_23' title="bbox 266 3103 960 3189; baseline -0.003 -19"><span class='ocrx_word' id='word_1_171' title='bbox 266 3106 391 3189; x_wconf 89' lang='lat' dir='ltr'><strong>perium</strong></span> <span class='ocrx_word' id='word_1_172' title='bbox 417 3103 562 3168; x_wconf 90' lang='lat' dir='ltr'><strong>mandari</strong></span> <span class='ocrx_word' id='word_1_173' title='bbox 586 3105 687 3168; x_wconf 89' lang='lat' dir='ltr'><strong>videri</strong></span> <span class='ocrx_word' id='word_1_174' title='bbox 710 3123 753 3169; x_wconf 90' lang='lat' dir='ltr'><strong>so.</strong></span> <span class='ocrx_word' id='word_1_175' title='bbox 775 3104 960 3189; x_wconf 75' lang='lat' dir='ltr'><strong>Agrippae).</strong></span> 
     </span>
    </p>

    <p class='ocr_par' dir='ltr' id='par_1_9' title="bbox 266 3211 1440 3532">
     <span class='ocr_line' id='line_1_24' title="bbox 310 3211 1440 3302; baseline -0.002 -19"><span class='ocrx_word' id='word_1_176' title='bbox 310 3219 363 3301; x_wconf 86' lang='lat'><strong>48,</strong></span> <span class='ocrx_word' id='word_1_177' title='bbox 395 3220 449 3302; x_wconf 92' lang='grc'><strong>26,</strong></span> <span class='ocrx_word' id='word_1_178' title='bbox 481 3220 517 3283; x_wconf 84' lang='grc'><strong>2;</strong></span> <span class='ocrx_word' id='word_1_179' title='bbox 550 3215 580 3290; x_wconf 78' lang='grc' dir='ltr'><strong>ὃς</strong></span> <span class='ocrx_word' id='word_1_180' title='bbox 610 3216 681 3293; x_wconf 81' lang='grc' dir='ltr'><em>τότε</em></span> <span class='ocrx_word' id='word_1_181' title='bbox 710 3217 752 3282; x_wconf 73' lang='grc' dir='ltr'><strong>τοί</strong></span> <span class='ocrx_word' id='word_1_182' title='bbox 776 3211 954 3298; x_wconf 73' lang='grc' dir='ltr'><em>προίγματα</em></span> <span class='ocrx_word' id='word_1_183' title='bbox 978 3219 1076 3283; x_wconf 77' lang='grc' dir='ltr'><em>αὐτῶν</em></span> <span class='ocrx_word' id='word_1_184' title='bbox 1101 3218 1184 3299; x_wconf 77' lang='grc' dir='ltr'><em>παρὰ</em></span> <span class='ocrx_word' id='word_1_185' title='bbox 1208 3222 1265 3283; x_wconf 77' lang='grc' dir='ltr'><strong>τῶν</strong></span> <span class='ocrx_word' id='word_1_186' title='bbox 1288 3217 1440 3296; x_wconf 84' lang='grc' dir='ltr'><em>Ῥωμαίων</em></span> 
     </span>
     <span class='ocr_line' id='line_1_25' title="bbox 266 3329 1439 3419; baseline -0.001 -21"><span class='ocrx_word' id='word_1_187' title='bbox 266 3334 447 3414; x_wconf 77' lang='grc' dir='ltr'><em>ἐπιτραπεὶς</em></span> <span class='ocrx_word' id='word_1_188' title='bbox 481 3329 564 3413; x_wconf 81' lang='grc' dir='ltr'><em>εἶχεν</em></span> <span class='ocrx_word' id='word_1_189' title='bbox 599 3334 670 3419; x_wconf 90' lang='lat' dir='ltr'><strong>(qui</strong></span> <span class='ocrx_word' id='word_1_190' title='bbox 705 3339 784 3398; x_wconf 87' lang='lat' dir='ltr'><strong>tuno</strong></span> <span class='ocrx_word' id='word_1_191' title='bbox 806 3356 825 3398; x_wconf 86' lang='lat' dir='ltr'><strong>a</strong></span> <span class='ocrx_word' id='word_1_192' title='bbox 848 3334 1003 3400; x_wconf 86' lang='lat' dir='ltr'><strong>Romanis</strong></span> <span class='ocrx_word' id='word_1_193' title='bbox 1026 3336 1228 3418; x_wconf 87' lang='lat' dir='ltr'><strong>praepositus</strong></span> <span class='ocrx_word' id='word_1_194' title='bbox 1251 3353 1363 3399; x_wconf 89' lang='lat' dir='ltr'><strong>eorum</strong></span> <span class='ocrx_word' id='word_1_195' title='bbox 1388 3351 1439 3397; x_wconf 90' lang='lat' dir='ltr'><strong>res</strong></span> 
     </span>
     <span class='ocr_line' id='line_1_26' title="bbox 266 3447 532 3532; baseline -0.004 -20"><span class='ocrx_word' id='word_1_196' title='bbox 266 3447 532 3532; x_wconf 83' lang='lat' dir='ltr'><strong>administrabat).</strong></span> 
     </span>
    </p>

    <p class='ocr_par' dir='ltr' id='par_1_10' title="bbox 266 3559 1439 3968">
     <span class='ocr_line' id='line_1_27' title="bbox 311 3559 1439 3646; baseline -0.004 -20"><span class='ocrx_word' id='word_1_197' title='bbox 311 3563 364 3646; x_wconf 88' lang='grc'><strong>69,</strong></span> <span class='ocrx_word' id='word_1_198' title='bbox 402 3562 453 3645; x_wconf 90' lang='grc'><strong>15,</strong></span> <span class='ocrx_word' id='word_1_199' title='bbox 489 3563 526 3625; x_wconf 89' lang='grc'><strong>2;</strong></span> <span class='ocrx_word' id='word_1_200' title='bbox 564 3559 635 3640; x_wconf 76' lang='grc' dir='ltr'><em>παρ’</em></span> <span class='ocrx_word' id='word_1_201' title='bbox 672 3560 766 3624; x_wconf 82' lang='grc' dir='ltr'><em>αὐτοῦ</em></span> <span class='ocrx_word' id='word_1_202' title='bbox 801 3559 864 3645; x_wconf 88' lang='lat' dir='ltr'><strong>(so.</strong></span> <span class='ocrx_word' id='word_1_203' title='bbox 889 3564 941 3624; x_wconf 83' lang='grc' dir='ltr'><strong>τοῦ</strong></span> <span class='ocrx_word' id='word_1_204' title='bbox 966 3559 1179 3641; x_wconf 71' lang='grc' dir='ltr'><em>βουλευτηρίου</em></span> <span class='ocrx_word' id='word_1_205' title='bbox 1203 3563 1342 3626; x_wconf 78' lang='grc' dir='ltr'><em>1.ο.τῶν</em></span> <span class='ocrx_word' id='word_1_206' title='bbox 1367 3559 1439 3637; x_wconf 93' lang='grc' dir='ltr'><em>βου-</em></span> 
     </span>
     <span class='ocr_line' id='line_1_28' title="bbox 267 3671 1439 3760; baseline -0.003 -20"><span class='ocrx_word' id='word_1_207' title='bbox 267 3677 397 3760; x_wconf 77' lang='grc' dir='ltr'><em>λευτῶν)</em></span> <span class='ocrx_word' id='word_1_208' title='bbox 432 3673 490 3748; x_wconf 72' lang='grc' dir='ltr'><em>τοὶς</em></span> <span class='ocrx_word' id='word_1_209' title='bbox 521 3671 693 3753; x_wconf 71' lang='grc' dir='ltr'><em>ἀποκρίσεις</em></span> <span class='ocrx_word' id='word_1_210' title='bbox 718 3674 899 3748; x_wconf 74' lang='grc' dir='ltr'><em>ποιήσασθαι</em></span> <span class='ocrx_word' id='word_1_211' title='bbox 924 3672 1114 3754; x_wconf 76' lang='grc' dir='ltr'><em>ἐπιτραπείη.</em></span> <span class='ocrx_word' id='word_1_212' title='bbox 1139 3674 1211 3738; x_wconf 85' lang='grc' dir='ltr'><strong>Ηοο</strong></span> <span class='ocrx_word' id='word_1_213' title='bbox 1233 3674 1301 3737; x_wconf 85' lang='lat' dir='ltr'><strong>loco</strong></span> <span class='ocrx_word' id='word_1_214' title='bbox 1325 3672 1439 3737; x_wconf 81' lang='lat' dir='ltr'><strong>obiecti</strong></span> 
     </span>
     <span class='ocr_line' id='line_1_29' title="bbox 268 3787 1439 3874; baseline 0 -22"><span class='ocrx_word' id='word_1_215' title='bbox 268 3791 337 3856; x_wconf 85' lang='lat' dir='ltr'><strong>vioe</strong></span> <span class='ocrx_word' id='word_1_216' title='bbox 368 3790 518 3874; x_wconf 84' lang='lat' dir='ltr'><strong>fungitur</strong></span> <span class='ocrx_word' id='word_1_217' title='bbox 551 3788 743 3871; x_wconf 86' lang='lat' dir='ltr'><strong>infinitivus,</strong></span> <span class='ocrx_word' id='word_1_218' title='bbox 777 3793 921 3854; x_wconf 84' lang='lat' dir='ltr'><strong>osterum</strong></span> <span class='ocrx_word' id='word_1_219' title='bbox 959 3794 994 3853; x_wconf 90' lang='lat' dir='ltr'><strong>ut</strong></span> <span class='ocrx_word' id='word_1_220' title='bbox 1036 3787 1259 3872; x_wconf 87' lang='lat' dir='ltr'><strong>superioribus</strong></span> <span class='ocrx_word' id='word_1_221' title='bbox 1283 3788 1439 3871; x_wconf 86' lang='lat' dir='ltr'><strong>exemplis</strong></span> 
     </span>
     <span class='ocr_line' id='line_1_30' title="bbox 266 3904 412 3968; baseline -0.007 0"><span class='ocrx_word' id='word_1_222' title='bbox 266 3904 412 3968; x_wconf 87' lang='lat' dir='ltr'><strong>laudatis.</strong></span> 
     </span>
    </p>

    <p class='ocr_par' dir='ltr' id='par_1_11' title="bbox 265 4013 1440 4557">
     <span class='ocr_line' id='line_1_31' title="bbox 310 4013 1440 4100; baseline -0.004 -18"><span class='ocrx_word' id='word_1_223' title='bbox 310 4018 378 4082; x_wconf 89' lang='lat' dir='ltr'><strong>Iam</strong></span> <span class='ocrx_word' id='word_1_224' title='bbox 412 4021 511 4082; x_wconf 87' lang='lat' dir='ltr'><strong>restat</strong></span> <span class='ocrx_word' id='word_1_225' title='bbox 547 4015 679 4080; x_wconf 87' lang='lat' dir='ltr'><strong>verbum</strong></span> <span class='ocrx_word' id='word_1_226' title='bbox 716 4013 916 4093; x_wconf 76' lang='grc' dir='ltr'><em>βεβαιοῦσθαι</em></span> <span class='ocrx_word' id='word_1_227' title='bbox 953 4017 1039 4100; x_wconf 91' lang='lat' dir='ltr'><strong>quod</strong></span> <span class='ocrx_word' id='word_1_228' title='bbox 1074 4021 1104 4080; x_wconf 89' lang='lat' dir='ltr'><strong>et</strong></span> <span class='ocrx_word' id='word_1_229' title='bbox 1135 4015 1245 4080; x_wconf 80' lang='lat' dir='ltr'><strong>¹medio</strong></span> <span class='ocrx_word' id='word_1_230' title='bbox 1267 4033 1385 4100; x_wconf 84' lang='lat' dir='ltr'><strong>genere</strong></span> <span class='ocrx_word' id='word_1_231' title='bbox 1409 4019 1440 4079; x_wconf 85' lang='lat' dir='ltr'><strong>et</strong></span> 
     </span>
     <span class='ocr_line' id='line_1_32' title="bbox 265 4129 1440 4216; baseline -0.002 -21"><span class='ocrx_word' id='word_1_232' title='bbox 265 4133 394 4216; x_wconf 85' lang='lat' dir='ltr'><strong>passivo</strong></span> <span class='ocrx_word' id='word_1_233' title='bbox 425 4131 512 4216; x_wconf 89' lang='lat' dir='ltr'><strong>apud</strong></span> <span class='ocrx_word' id='word_1_234' title='bbox 536 4129 682 4195; x_wconf 81' lang='lat' dir='ltr'><strong>Cassium</strong></span> <span class='ocrx_word' id='word_1_235' title='bbox 707 4131 847 4193; x_wconf 86' lang='lat' dir='ltr'><strong>ooonrrit</strong></span> <span class='ocrx_word' id='word_1_236' title='bbox 871 4131 1080 4194; x_wconf 85' lang='lat' dir='ltr'><strong>coniunctum</strong></span> <span class='ocrx_word' id='word_1_237' title='bbox 1105 4149 1180 4193; x_wconf 88' lang='lat' dir='ltr'><strong>oum</strong></span> <span class='ocrx_word' id='word_1_238' title='bbox 1204 4129 1440 4212; x_wconf 80' lang='lat' dir='ltr'><strong>praepositione</strong></span> 
     </span>
     <span class='ocr_line' id='line_1_33' title="bbox 268 4242 1440 4327; baseline -0.002 -19"><span class='ocrx_word' id='word_1_239' title='bbox 268 4244 360 4325; x_wconf 78' lang='grc' dir='ltr'><em>παρα.</em></span> <span class='ocrx_word' id='word_1_240' title='bbox 396 4243 540 4309; x_wconf 90' lang='lat' dir='ltr'><strong>Medium</strong></span> <span class='ocrx_word' id='word_1_241' title='bbox 575 4261 705 4327; x_wconf 88' lang='lat' dir='ltr'><strong>quoque</strong></span> <span class='ocrx_word' id='word_1_242' title='bbox 739 4262 843 4327; x_wconf 85' lang='lat' dir='ltr'><strong>genus</strong></span> <span class='ocrx_word' id='word_1_243' title='bbox 879 4243 977 4308; x_wconf 88' lang='lat' dir='ltr'><strong>huius</strong></span> <span class='ocrx_word' id='word_1_244' title='bbox 1003 4242 1092 4308; x_wconf 91' lang='lat' dir='ltr'><strong>verbi</strong></span> <span class='ocrx_word' id='word_1_245' title='bbox 1114 4245 1147 4306; x_wconf 91' lang='lat' dir='ltr'><strong>in</strong></span> <span class='ocrx_word' id='word_1_246' title='bbox 1170 4242 1280 4308; x_wconf 89' lang='lat' dir='ltr'><strong>verbis</strong></span> <span class='ocrx_word' id='word_1_247' title='bbox 1303 4243 1440 4326; x_wconf 89' lang='lat' dir='ltr'><strong>passivis</strong></span> 
     </span>
     <span class='ocr_line' id='line_1_34' title="bbox 267 4355 1440 4441; baseline -0.003 -19"><span class='ocrx_word' id='word_1_248' title='bbox 267 4378 341 4423; x_wconf 88' lang='lat' dir='ltr'><strong>oum</strong></span> <span class='ocrx_word' id='word_1_249' title='bbox 375 4357 610 4441; x_wconf 87' lang='lat' dir='ltr'><strong>praepositione</strong></span> <span class='ocrx_word' id='word_1_250' title='bbox 646 4355 730 4435; x_wconf 72' lang='grc' dir='ltr'><em>παρὰ</em></span> <span class='ocrx_word' id='word_1_251' title='bbox 765 4357 946 4420; x_wconf 87' lang='lat' dir='ltr'><strong>ooniunotie</strong></span> <span class='ocrx_word' id='word_1_252' title='bbox 979 4356 1200 4420; x_wconf 79' lang='lat' dir='ltr'><strong>oollooanduna</strong></span> <span class='ocrx_word' id='word_1_253' title='bbox 1225 4374 1339 4420; x_wconf 83' lang='lat' dir='ltr'><strong>censeo</strong></span> <span class='ocrx_word' id='word_1_254' title='bbox 1364 4357 1440 4439; x_wconf 92' lang='lat' dir='ltr'><strong>quia</strong></span> 
     </span>
     <span class='ocr_line' id='line_1_35' title="bbox 267 4468 1439 4557; baseline -0.002 -21"><span class='ocrx_word' id='word_1_255' title='bbox 267 4471 457 4557; x_wconf 82' lang='lat' dir='ltr'><strong>significatio</strong></span> <span class='ocrx_word' id='word_1_256' title='bbox 493 4473 621 4555; x_wconf 88' lang='lat' dir='ltr'><strong>passiva</strong></span> <span class='ocrx_word' id='word_1_257' title='bbox 652 4472 752 4550; x_wconf 87' lang='lat' dir='ltr'><strong>inest;</strong></span> <span class='ocrx_word' id='word_1_258' title='bbox 778 4468 975 4547; x_wconf 76' lang='grc' dir='ltr'><em>βεβαιοῦσθαι</em></span> <span class='ocrx_word' id='word_1_259' title='bbox 1000 4472 1084 4535; x_wconf 91' lang='lat' dir='ltr'><strong>enim</strong></span> <span class='ocrx_word' id='word_1_260' title='bbox 1109 4472 1156 4535; x_wconf 86' lang='lat' dir='ltr'><strong>sio</strong></span> <span class='ocrx_word' id='word_1_261' title='bbox 1179 4475 1303 4535; x_wconf 87' lang='lat' dir='ltr'><strong>vertere</strong></span> <span class='ocrx_word' id='word_1_262' title='bbox 1326 4490 1439 4554; x_wconf 86' lang='lat' dir='ltr'><strong>possu-</strong></span> 
     </span>
    </p>
   </div>
   <div class='ocr_carea' id='block_1_3' title="bbox 0 0 1706 5212">
    <p class='ocr_par' dir='ltr' id='par_1_12' title="bbox 0 0 1706 5212">
     <span class='ocr_line' id='line_1_36' title="bbox 0 0 1706 5212; baseline 0 0"><span class='ocrx_word' id='word_1_263' title='bbox 0 0 1706 5212; x_wconf 95' lang='lat' dir='ltr'><strong> </strong></span> 
     </span>
    </p>
   </div>
  </div>
 </body>
</html>
