3400 5212
826 518 868 582 50

259 719 301 790 01
305 769 314 796 ,
353 715 388 784 it
423 703 622 778 άντιδίδοσάν
657 710 747 787 σφισι
782 704 861 788 (tres
895 706 972 790 viri)
1007 703 1058 768 καί
1093 701 1327 782 ἀπελάμβανον
1360 704 1429 784 παρ’

257 829 403 904 equae
438 821 493 892 ἔσει
528 823 557 886 ἐν
593 818 739 902 ε’πιάυμίρ
771 813 855 898 εἶχεν
880 819 1008 903 (mutuo
1031 819 1140 902 itaque
1163 818 1226 883 sibi
1249 817 1432 883 tribuerunt

257 952 356 1034 eique
378 959 396 1008 ιι
416 937 609 1007 seinvicem
630 940 822 1018 aeceperunt
834 953 918 1018 quae
930 933 1178 998 suaevoluntati
1190 931 1431 1015 satisfacerent).

302 1055 457 1144 Sequitur
480 1045 718 1126 ἀπολαμβάνειν
741 1071 771 1110 τι
797 1045 881 1126 παρά
904 1069 996 1118 τινοςε

303 1173 334 1249 e,
370 1167 407 1232 u:
444 1159 500 1230 ίσα
536 1161 606 1242 παρ’
639 1159 761 1224 ἑκόντων
791 1163 848 1222 τῶν
871 1157 1097 1223 Λατίνων....
1121 1159 1172 1222 οὐκ
1197 1158 1319 1232 ἠδυνήθη
1343 1157 1430 1236 κομί.

258 1281 378 1353 ιιιισέαι.
405 1275 490 1358 παρά
513 1274 642 1339 άκάντων
665 1272 852 1353 στρατεύσας
874 1272 1047 1351 άπέλαβεν.

303 1393 365 1486 (ut
388 1388 563 1458 άποδιδάναι
588 1390 719 1452 notione
743 1387 996 1466 reddendi,
1021 1389 1040 1451 i.
1053 1405 1080 1451 e.
1104 1387 1202 1452 dandi
1226 1387 1323 1490 alieni
1344 1387 1431 1471 quod

258 1509 319 1599 ipsi
343 1505 489 1582 debetur,
514 1505 561 1567 sie
583 1497 820 1578 ἀπολαμβάνειν
851 1501 1173 1584 recuperandi
1197 1500 1431 1584 significatione

260 1637 494 1704 nonnunquam
518 1615 602 1700 apud
626 1613 763 1679 Dionem
787 1615 922 1698 legitur,
947 1612 1186 1692 άπολαμβάνειν
1207 1638 1236 1678 τι
1259 1611 1342 1693 παρά
1354 1636 1431 1685 τινος

257 1733 343 1822 apud
379 1705 453 1797 euni
488 1747 619 1813 quoque
655 1725 828 1805 λαμβάνειν
856 1727 922 1792 fere
953 1728 1112 1813 significat
1135 1727 1219 1808 παρά
1242 1750 1320 1800 τινος
1343 1729 1430 1811 quod

258 1849 312 1917 oui
346 1844 388 1910 eb
422 1845 493 1928 ipso
526 1840 692 1924 debetur);
716 1843 761 1906 ita
785 1842 839 1920 40,
864 1843 916 1921 65,
941 1843 978 1905 2:
1003 1841 1183 1923 στράτευμα
1206 1838 1235 1906 ἓν
1257 1841 1431 1920 άπολαβείν

259 1959 330 2044 παρ’
366 1957 460 2021 αὐτοῦ
496 1956 552 2040 (se.
584 1953 732 2039 Caesare)
764 1954 907 2029 ἐθελήσας
938 1956 1157 2041 (Pompeius);
1182 1959 1235 2035 42,
1261 1959 1291 2036 2,
1315 1959 1353 2020 4;
1377 1959 1430 2021 τοῦ

259 2070 452 2150 Πτολεμαίου
487 2073 538 2133 τοῦ
574 2067 625 2132 διά
656 2072 709 2133 τοῦ
733 2067 874 2147 Γαβινίου
897 2070 952 2143 τὴν
974 2068 1136 2149 βασιλείαν
1160 2071 1232 2151 παρ’
1256 2071 1349 2135 αὐτοῦ
1374 2071 1430 2154 (se.

257 2185 426 2272 Pompeio)
449 2180 681 2259 άπολαβάντες;
699 2183 785 2248 idem
812 2184 863 2263 68,
888 2186 941 2264 20,
967 2185 1004 2265 2;
1028 2183 1078 2250 De
1101 2185 1171 2249 loeo
1195 2185 1363 2251 emendato
1379 2185 1430 2263 78,

258 2305 312 2382 22,
338 2303 356 2362 0
380 2319 445 2363 non
470 2317 552 2382 opus
576 2303 625 2363 est
648 2302 684 2363 ut
708 2299 822 2363 dicam.

301 2414 401 2479 Aliud
425 2413 574 2497 sequitur
596 2413 821 2496 compositum,
845 2430 978 2497 nempe:

303 2524 571 2607 παραλαμβάνειν,
607 2526 694 2611 quod
729 2526 863 2592 verbum
900 2545 965 2611 quo
996 2526 1066 2590 ioco
1097 2546 1172 2590 oum
1195 2527 1431 2612 praepositione

257 2639 342 2722 παρά
366 2643 574 2706 coniunctum
599 2642 748 2718 occurrit,
772 2639 950 2725 signifieat:
978 2641 1169 2723 ,clamorem
1194 2641 1355 2725 quendam
1375 2659 1430 2706 ex·

256 2753 400 2840 cipere'';
436 2754 527 2819 loeus
562 2773 658 2839 quem
690 2755 761 2819 dico
792 2754 870 2818 haee
901 2753 1009 2819 habet:
1038 2753 1175 2832 βοῶντες,
1201 2754 1322 2834 “usias
1346 2760 1429 2818 κλεῖε

257 2868 362 2932 κλεῖε”
386 2867 438 2931 καί
462 2867 545 2932 αὐτά
568 2867 619 2932 καί
640 2869 664 2932 οἱ
685 2867 784 2933 λοιποί
807 2865 1104 2949 παραλαμβάνοντες
1128 2869 1199 2949 παρ’
1223 2868 1369 2942 άλλάλων
1393 2866 1430 2941 ὡς

257 2978 383 3054 ἕκαστος
414 2979 621 3060 διεβάων....
645 2982 713 3066 (44,
739 2983 791 3062 20,
816 2983 858 3066 3).
881 2983 965 3048 Aliis
988 3002 1119 3067 qnoque
1142 2983 1221 3047 loeis
1244 2982 1330 3066 apud
1354 2981 1429 3049 Gas-

256 3095 342 3160 sium
373 3097 433 3160 hae
456 3095 690 3180 significatione
712 3098 894 3182 praeditum
917 3095 1053 3162 verbum
1076 3099 1226 3176 occurrit,
1250 3098 1352 3162 veluti
1377 3097 1428 3176 60,

258 3208 311 3286 14,
335 3213 373 3272 4;
407 3208 586 3282 αὐτὸς....
611 3209 777 3291 ὑπότρομος
801 3210 978 3288 διηγήσατο,
1004 3209 1056 3274 καὶ
1081 3212 1097 3285 ἡ
1122 3217 1305 3275 Μεσσαλῖνα
1328 3233 1428 3291 παρα-

258 3321 401 3399 λαβοῦσα
432 3321 572 3387 ἔδείνωσε.
608 3323 659 3402 72,
693 3325 745 3403 13,
769 3327 806 3388 4;
840 3323 881 3388 τά
906 3321 1017 3387 παιδία
1041 3321 1223 3402 συνεβάνρσαν
1247 3323 1429 3389 παλλακαὶ

257 3433 348 3508 δεινά,
372 3439 425 3499 καί
449 3435 462 3499 ὅ
486 3436 580 3514 δῆμος
605 3438 795 3518 παραλαβὼν
818 3437 900 3502 αὐτοὶ
923 3437 1004 3501 οὐδὲν
1028 3433 1046 3500 ά
1066 3461 1096 3501 τι
1121 3437 1171 3501 οὐκ
1192 3434 1346 3519 ἐξέκραγε.

298 3549 379 3614 Tum
415 3549 664 3630 προσλαμβάνειν
695 3575 726 3615 τι
759 3575 793 3614 π.
818 3574 896 3624 τινος
919 3551 1090 3635 aliquoties
1113 3552 1288 3630 iuvenitur,
1313 3570 1429 3637 nempe

257 3665 309 3742 38,
333 3667 388 3742 46,
413 3665 449 3744 3;
474 3665 528 3742 41,
554 3665 607 3743 36,
631 3667 670 3746 4,
694 3668 749 3744 46,
777 3667 828 3743 16,
853 3668 891 3743 3;

300 3777 353 3853 41,
378 3778 493 3854 36,’4;
523 3776 574 3840 καί
597 3776 715 3858 προσέτι
740 3777 791 3841 καί
816 3774 950 3854 ἐξουσίαν
973 3775 1088 3856 ἔννομον
1110 3777 1145 3852 δά
1171 3801 1239 3841 τινα
1264 3778 1348 3859 παρά
1373 3788 1428 3854 τῆς

255 3890 321 3952 ἐκεῖ
347 3889 462 3967 βουλῆς
492 3889 670 3970 προσέλαβε.
703 3890 777 3974 (Vis
800 3893 1047 3976 praepositionis
1069 3893 1104 3954 in
1127 3891 1226 3956 verbe
1248 3896 1427 3977 composito

254 4000 502 4082 προσλαμβάνειν
537 4005 589 4068 hic
619 4006 714 4069 etiam
738 4004 946 4069 confirmatur
970 4004 1138 4070 vocabulis
1161 4005 1427 4090 praecedentibus

254 4113 305 4179 καί
347 4115 468 4196 προσέτι
503 4117 564 4190 καί,
598 4120 644 4182 ita
678 4124 714 4182 ut
749 4117 926 4198 προσλαμβ.
963 4116 1121 4201 significet
1157 4120 1310 4203 „insuper
1344 4123 1427 4186 aeci-

254 4229 373 4314 pere”).
404 4231 458 4308 46,
483 4232 535 4308 16,
560 4232 597 4294 3:
630 4231 701 4311 πρὸς
731 4232 773 4309 τῷ
805 4230 898 4308 μηδὲν
920 4230 1010 4293 αὐτὸν
1034 4234 1091 4293 τῶν
1114 4230 1231 4294 δεόντων
1256 4240 1350 4296 ποιεῖν
1373 4235 1426 4299 καί

255 4340 389 4419 ἐξουσίαν
425 4345 573 4418 τοσαύτην
606 4345 676 4426 παρ’
713 4345 793 4422 ὑμῶν
830 4341 1108 4424 προσλαμβάνοντα
1141 4344 1208 4428 (hie
1230 4347 1316 4412 idem
1342 4349 1427 4414 valet

253 4464 351 4543 atque
384 4460 492 4543 priore
525 4459 612 4541 10003
649 4458 783 4524 verbum
819 4459 905 4523 enim
942 4457 1120 4536 προσλαμβ.
1156 4478 1230 4524 aum
1262 4462 1426 4528 venabulis
