3400 5212
812 543 853 607 93

294 726 348 808 57,
374 726 426 808 17,
450 728 485 790 7;
512 726 617 790 πολλόν
641 727 792 807 γρύμοοτοι
819 727 902 808 τοορόι
926 733 978 793 τοῦ
1002 728 1144 810 Τιβερίου
1169 728 1259 804 ἐδόθη.

294 840 347 922 45,
372 841 425 923 23,
451 841 488 903 7ε
514 841 584 920 ποιρ’
609 839 717 904 ἐκείνου
740 839 801 931 (sc.
826 840 988 929 Κοοίσοιρος)
1012 867 1054 924 τῳ
1078 842 1229 921 δεδομένον
1252 867 1290 908 τι.

295 954 348 1035 36,
371 954 425 1037 44,
449 955 485 1017 4;
511 953 638 1034 φρουρόιν
662 953 747 1034 ποορόι
771 960 826 1028 τοῖς
849 955 963 1034 βουλῆς
988 956 1112 1031 δοθῆνοιι.

293 1068 347 1150 37,
371 1069 425 1150 23,
450 1069 488 1131 3:
513 1067 555 1132 τόν
587 1066 727 1145 διδόμενοι
761 1067 844 1149 ποιροδ
875 1068 1044 1149 κρειττόνων
1075 1069 1157 1144 δηθεν
1189 1068 1205 1145 ἢ
1240 1070 1360 1146 ποίντως
1384 1097 1422 1150 γε
1524 1066 1525 1070 “

249 1183 306 1244 τῶν
327 1178 441 1258 όμοίων.

293 1295 347 1378 52,
371 1297 402 1378 3,
428 1297 464 1358 1;
490 1293 532 1358 τόι
557 1294 641 1375 ποιρόο
664 1303 719 1369 τῆς
741 1292 845 1375 τύχης
869 1294 998 1360 δοθέντο.

292 1408 346 1491 38,
382 1409 435 1491 44,
471 1410 508 1473 4:
545 1409 587 1472 τόν
622 1408 742 1473 δοθέντοι
773 1409 855 1489 οιύτῷ
888 1409 958 1490 παρ’
984 1412 1065 1488 ημῶν
1088 1409 1222 1498 (Caesar
1246 1413 1422 1497 alloquitur

248 1519 395 1608 legatos).

293 1637 346 1719 54,
382 1637 434 1720 17,
465 1637 504 1699 4:
536 1635 570 1700 τό
602 1635 685 1717 ποιρόο
718 1641 770 1701 τοῦ
801 1636 942 1715 δημοσίου
974 1636 1167 1719 σφίσιν....
1193 1636 1341 1716 διδόμενον
1364 1637 1422 1726 (ex

249 1751 372 1814 aerario
394 1747 487 1836 fere).

295 1863 348 1946 53,
385 1865 413 1945 1,
445 1865 482 1927 2;
517 1863 551 1927 τό
582 1861 718 1942 σύνθημοι
750 1887 784 1928 π.
808 1864 988 1946 ἀμφοτέρων
1012 1869 1097 1946 σφῶν
1120 1864 1179 1953 (sc.
1204 1865 1351 1948 Κοιίσοιρος
1372 1865 1424 1932 κού

248 1973 442 2062 Ἀγρίππου)
465 1975 591 2041 ἐδίδοτο.

291 2091 327 2155 fr.
363 2092 416 2174 36,
455 2093 515 2156 17;
547 2089 712 2170 συγγνύμη
745 2089 797 2156 κού
831 2115 865 2156 π.
892 2093 959 2157 θεῶν
983 2092 1035 2157 κοιί
1060 2115 1094 2156 π.
1119 2093 1274 2174 οίνθριόπων
1298 2092 1420 2158 δίδοτοιι

248 2211 310 2278 τοῖς
332 2202 468 2269 ύκούσιόν
491 2229 521 2270 τι
547 2203 706 2286 προίξοισιν.

292 2318 345 2401 58,
369 2320 423 2401 21,
448 2321 484 2383 3:
509 2317 551 2382 τόι
575 2317 691 2397 βιβλίον
715 2318 757 2383 τόν
780 2317 920 2397 διδόμενοί
943 2319 968 2383 οἱ
993 2342 1027 2383 π.
1052 2323 1109 2383 τῶν
1133 2319 1299 2397 μηνυόντων
1323 2345 1363 2386 τι.

292 2432 346 2514 52,
370 2432 423 2516 35,
450 2434 485 2496 1:
510 2432 591 2510 μήτε
611 2429 741 2507 έξοιλλόν
761 2456 790 2496 τι
810 2433 880 2510 μηθ’
903 2433 1092 2514 ύπερθφοινον
1105 2434 1186 2512 μήτε
1200 2459 1235 2498 π.
1248 2439 1305 2499 τῶν
1316 2432 1420 2500 ἄλλων

249 2545 329 2624 μήτε
353 2569 387 2610 π·
413 2552 467 2620 τῆς
491 2546 606 2626 βουλῆς
629 2544 646 2620 ἢ
672 2545 745 2628 ἔργῳ
768 2545 785 2620 ἢ
810 2546 862 2611 κού
883 2547 962 2627 λόγῳ
985 2546 1152 2614 δοθέν....

293 2663 346 2744 38,
369 2663 423 2745 23,
448 2663 483 2725 2:
510 2663 600 2742 ῥητῶν
623 2659 751 2741 έκοιτέριρ
775 2660 834 2749 (sc.
854 2661 975 2740 σύμοοτι
996 2660 1169 2749 κοιίψυχῇ)
1183 2685 1217 2726 π.
1231 2670 1286 2737 τῆς
1299 2660 1419 2744 Φύσεως

248 2772 300 2838 κού
323 2774 442 2852 οὶγοοθῶν
465 2772 517 2838 κού
541 2778 640 2838 κυκῶν
664 2773 832 2852 δεδομένων.
857 2817 858 2820 =

293 2889 346 2971 69,
371 2889 425 2971 20,
448 2890 484 2951 3:
518 2911 553 2952 π.
578 2896 633 2962 τῆς
658 2886 778 2969 Φύσεως
800 2886 949 2969 οίνοίπηρον
973 2887 1026 2953 κοιὶ
1049 2885 1168 2970 όιΦρονοο
1185 2939 1191 2955 .
1209 2938 1214 2952 .
1231 2938 1258 2954 ..
1286 2888 1423 2954 δίδοσθοοί

248 3025 304 3066 τινι
328 3000 416 3089 (opp.
442 3026 476 3065 π.
501 3009 557 3076 της
582 3001 788 3083 κρίσεως....
812 3002 980 3088 οιίρεῑσθοιι).

292 3114 593 3181 concedendi
628 3135 746 3182 sensu:

292 3230 344 3314 54,
368 3232 423 3313 33,
447 3231 483 3294 5:
507 3229 540 3294 τό
563 3227 654 3308 όνομοο
668 3279 675 3294 .
691 3279 698 3294 .
713 3278 742 3296 ..
768 3228 965 3310 ἐπεφημίσθη
987 3229 1046 3295 ύπδ
1064 3235 1121 3294 τῶν
1141 3237 1331 3312 οτροιτιωτῶν
1344 3282 1352 3298 .
1367 3277 1374 3295 .
1390 3281 1420 3298 ..

247 3343 279 3406 ού
302 3343 404 3420 μέντοι
430 3368 464 3408 π.
490 3348 541 3408 τοῦ
566 3342 744 3421 Αὐγούστου
768 3343 858 3418 ἐδόθη.

291 3457 328 3521 fr.
354 3459 407 3541 89,
431 3459 468 3521 4:
492 3455 563 3537 όπερ
577 3508 585 3523 .
600 3506 607 3521 .
622 3506 652 3522 ..
679 3481 713 3520 π.
738 3461 795 3522 τῶν
820 3455 943 3522 ύποίτων
966 3456 1093 3522 ἐδίδοτο.

291 3573 344 3655 49,
371 3572 423 3654 16,
449 3574 485 3636 1:
511 3575 703 3636 τούτω...
730 3595 764 3634 π.
789 3579 844 3646 τῆς
868 3571 982 3650 βουλῆς
1007 3570 1097 3646 ε’δόθη.

291 3686 345 3768 45,
369 3686 424 3767 24,
447 3685 487 3748 4:
510 3693 548 3766 τῇ
575 3707 608 3748 π.
635 3684 716 3762 ὑμῶν
738 3681 858 3768 ἐξουσίᾳ
881 3683 1003 3766 δοθείση.

292 3800 345 3882 44,
371 3800 423 3882 11,
448 3801 484 3862 3;
509 3799 564 3874 την
588 3797 751 3877 βοισιλείοιν
776 3804 888 3863 π.τοῦ
913 3800 1008 3878 δήμου
1034 3798 1187 3877 διδομένην
1210 3801 1245 3864 οἱ.

291 3912 344 3995 46,
368 3913 422 3994 26,
447 3913 484 3975 3:
509 3909 567 3984 τόις
590 3910 730 3990 δυνοίμεις
753 3910 810 3984 τόις
832 3911 964 3986 δοθείσοις
987 3912 1069 3993 οούτῷ
1095 3936 1129 3976 π.
1155 3914 1246 3990 ημῶν.

290 4027 344 4108 45,
369 4027 423 4109 22,
448 4026 485 4088 3;
511 4024 569 4098 τοὶς
601 4048 636 4088 π.
668 4028 721 4089 τοῦ
754 4023 901 4106 Κοοίσοορος
932 4024 949 4100 ἢ
981 4025 1031 4090 κού
1063 4029 1115 4090 τοῦ
1148 4026 1256 4107 κλήρου
1288 4027 1419 4103 δοθείσοις

245 4137 414 4216 ηγεμονίοις.
770 4219 771 4222 ¹

291 4253 345 4336 61,
372 4255 402 4336 7,
426 4254 464 4316 31
490 4251 669 4332 imam.
696 4276 730 4315 π.
757 4252 871 4318 ίδιύτου
895 4251 1011 4316 δοθεῖσοί
1033 4277 1085 4333 τῳ.

292 4476 530 4558 δωρεῖσθαι
569 4474 687 4558 ποοροί
721 4500 861 4551 τινοςι
