3378 5212
788 534 851 596 173

233 717 347 783 Dionis
380 717 449 802 (77,
476 719 528 800 13,
552 719 572 780 4
596 723 627 782 et
652 719 689 782 5:
715 717 741 780 οἱ
764 717 819 794 μὲν
842 716 900 798 γὰρ
921 716 1040 808 ἠγνόορν
1062 755 1105 764 -
1130 716 1308 801 συνέλαβεν)
1331 724 1404 804 post

233 830 395 895 ἀπέκτεινε
417 831 485 916 (77,
509 833 563 915 22,
588 831 622 914 2)
646 832 884 916 transponenda
908 850 986 897 esse.

789 1116 848 1180 1x.
900 1195 901 1198 Ὺ

275 1378 368 1444 Luar.
394 1378 433 1444 de
455 1397 515 1444 rer.
539 1382 603 1442 nat.
628 1377 687 1442 III.
713 1379 879 1462 359eqq.:

364 1564 478 1631 Dicere
501 1585 595 1650 porro
620 1565 731 1630 oeulos
754 1567 878 1630 nullam
901 1584 969 1631 rem
993 1584 1123 1632 eernere
1146 1585 1250 1651 posse,

364 1680 421 1744 sed
444 1699 502 1763 per
525 1699 580 1745 eoa
605 1681 749 1744 animum
774 1685 811 1744 ut
833 1679 957 1745 foribus
981 1685 1124 1764 spectare
1147 1681 1292 1763 reclusis,

365 1793 535 1874 difficilest,
557 1799 669 1858 centra
692 1813 767 1882 aum
791 1812 907 1859 sensus
933 1793 1019 1858 dieat
1041 1812 1169 1874 eorum;

364 1926 480 1972 sensus
503 1910 589 1973 enim
613 1907 710 1971 trahit
732 1912 829 1991 atque
852 1889 937 1972 aeiea
960 1907 1101 1972 detrudit
1124 1907 1164 1972 ad
1186 1907 1273 1991 ipsas

809 2044 826 2080 *

362 2133 485 2216 fulgida
507 2135 694 2217 praesertim
718 2153 792 2197 cum
817 2152 948 2199 eernere
971 2152 1065 2217 saepe
1090 2136 1273 2216 nequimua

290 2266 293 2278 ¹
362 2246 486 2310 lumina
508 2246 687 2312 luminibus
711 2250 787 2331 quia
811 2246 907 2311 nobis
930 2247 1191 2332 praepediuntur.

274 2434 422 2500 Lucanae
445 2436 586 2520 signum,
607 2456 626 2500 a
648 2435 801 2519 Briegero
824 2436 965 2520 positum
988 2440 1060 2518 poet
1081 2454 1126 2498 vs.
1147 2435 1211 2498 362
1224 2434 1404 2499 tollendum

230 2555 279 2612 est
313 2554 344 2615 et
377 2549 559 2633 recipienda
592 2549 814 2632 interpretatio
837 2550 1001 2633 proposita
1022 2568 1042 2612 a
1064 2546 1187 2612 Jaeobo
1212 2567 1241 2611 v.
1265 2548 1294 2613 d.
1319 2547 1402 2612 Vallr

229 2662 291 2742 (de
323 2661 613 2728 Lucretiano
650 2664 859 2728 carmine
893 2667 950 2726 etc.
985 2682 1014 2746 p.
1051 2664 1104 2740 93)
1143 2663 1401 2746 quioculos

229 2774 319 2840 verbi
354 2777 579 2841 trahendi
613 2775 773 2841 obiectum
797 2795 868 2841 esee
891 2776 1130 2840 demonstravit.

791 3061 832 3125 X.

272 3319 336 3385 Oia.
362 3321 403 3388 de
426 3327 490 3386 nat.
515 3322 600 3387 deor.
624 3322 649 3386 I.
675 3324 728 3405 36,
755 3324 817 3387 100
841 3323 900 3402 (ed.
922 3322 1066 3404 Miilleriz
1088 3322 1151 3399 Qui
1172 3325 1298 3389 etiamsi
1311 3323 1401 3388 aber·

227 3441 299 3498 rant
322 3437 515 3519 coniectura,
537 3437 630 3502 video
654 3442 770 3514 tamen,
795 3437 1083 3539 quidsequantur.

166 3577 171 3588 ·
272 3547 426 3614 Codicum
449 3551 544 3615 lectio
570 3549 738 3634 „aberrant
761 3572 782 3615 a
805 3551 1012 3617 coniectura'’
1036 3552 1193 3617 servanda
1216 3557 1272 3616 est.

781 3834 839 3900 XI.

273 4019 368 4106 Verg.
392 4024 472 4088 Aen.
498 4024 570 4090 VH.
594 4027 675 4089 543:

361 4184 477 4249 deserit
499 4183 687 4271 Hesperiam
712 4194 743 4252 et
767 4189 847 4253 caeli
870 4207 1016 4253 convexa
1038 4208 1095 4273 per
1117 4210 1213 4256 auras

337 4284 340 4295 ¹
361 4297 521 4364 Iunonem
546 4302 663 4365 viatrix
687 4302 815 4367 adfatur
838 4321 918 4367 voce
941 4303 1088 4386 superba

274 4461 459 4548 Legeudum
483 4470 531 4529 est
554 4485 628 4529 cum
653 4465 806 4531 Gentem:
831 4468 910 4532 caeli
933 4487 1079 4533 convexa
1101 4485 1302 4554 peragrana.'
