3378 5212
859 504 923 567 168

304 691 462 773 cydidem,
496 710 567 754 raro
601 690 688 774 apud
721 689 932 755 Herodotum.
964 688 1204 774 Significatione
1230 692 1359 772 „statim
1383 691 1475 775 post”

300 805 443 890 praedita
472 805 663 898 praepositio
698 801 782 883 παρὰ
808 805 909 869 semel
934 805 1020 889 apud
1043 803 1180 870 Dionem
1205 807 1353 887 occurrit,
1377 824 1474 889 quem

302 939 398 983 usum
422 939 441 982 a
465 916 680 983 Demosthene
705 924 871 983 mutuatus
892 937 963 983 esse
982 918 1118 984 videtur.
1138 918 1272 983 Locutio
1286 917 1476 998 raphaniae

302 1053 399 1116 quam
434 1031 591 1113 Polybius
625 1051 720 1116 saepe
751 1031 906 1114 adhibuit,
938 1032 1022 1115 apud
1055 1030 1201 1096 Cassium
1227 1032 1326 1096 semel
1348 1036 1472 1096 tantum

301 1146 428 1230 legitur.
451 1144 534 1229 (pag.
566 1144 764 1228 127-133).

344 1260 363 1342 ᾗ
388 1261 416 1322 4.
441 1259 694 1324 Alternationem
708 1260 804 1342 paulo
818 1259 976 1322 diversam
989 1257 1030 1322 ab
1043 1260 1264 1342 antiquiorum
1278 1278 1342 1323 usu
1356 1256 1417 1321 Dio
1432 1295 1471 1305 -

300 1375 493 1438 recentiores
517 1379 649 1436 secutus
672 1373 842 1455 scriptores
867 1408 907 1418 -
932 1390 988 1456 per
1011 1373 1278 1456 praepositionem
1301 1371 1385 1451 rapa
1398 1390 1471 1436 cum

301 1486 487 1551 accusativo
529 1483 731 1568 significavit.
768 1484 901 1549 iteravit
935 1486 1020 1549 enim
1057 1484 1187 1550 Cassius
1223 1485 1476 1565 substantivum,

301 1601 499 1683 antiquiores
524 1618 599 1662 vero
624 1598 723 1663 semel
746 1598 963 1664 adhibuerunt
987 1618 1104 1664 noman
1130 1599 1215 1684 quod
1239 1604 1361 1683 spectat
1384 1617 1473 1683 prae·

301 1715 426 1798 positio.
462 1711 643 1796 Singularis
678 1731 761 1796 qnae
795 1714 828 1775 in
860 1713 919 1776 hac
941 1732 976 1778 re
999 1713 1199 1778 observanda
1224 1720 1309 1796 sunt,
1332 1713 1473 1776 indicavi

301 1848 371 1911 pag.
398 1827 581 1890 133-135.
1305 1815 1307 1820 ’

345 1941 363 2024 5
399 1943 427 2004 5.
462 1939 632 2004 Notionem
668 1919 830 2004 causalem
863 1939 924 2004 Dio
956 1941 1005 2006 bis
1036 1943 1265 2025 praepositioni
1291 1939 1374 2020 παρὰ
1398 1959 1472 2004 cnm

300 2057 484 2119 accusativo
519 2053 640 2136 tribuit,
671 2055 815 2118 imitatus
839 2056 1041 2136 recentiores,
1064 2075 1138 2118 nam
1164 2055 1250 2139 apud
1273 2055 1474 2138 antiquiores

299 2167 365 2232 fere
388 2169 498 2251 ignota
520 2166 622 2232 fuisse
645 2168 772 2231 videtur
792 2187 867 2232 cum
891 2168 1103 2234 substantivis
1127 2169 1257 2253 quidem
1282 2169 1472 2248 coniuncta,

300 2283 478 2346 locutiones
502 2299 579 2344 sane
604 2279 687 2359 παρὰ
712 2283 800 2344 τοῦτο
824 2286 855 2345 et
880 2279 963 2360 παρὰ
987 2285 1091 2345 ταῦτα
1114 2287 1179 2346 tam
1204 2282 1289 2366 apud
1313 2282 1473 2365 antiquio·

300 2415 360 2477 res,
384 2397 457 2459 licet
479 2396 594 2476 rarius,
618 2415 714 2478 quam
738 2395 824 2479 apud
848 2397 1050 2477 recentiores
1074 2396 1130 2461 sed
1151 2396 1252 2460 multo
1272 2395 1471 2480 frequentius
1504 2397 1509 2410 “

301 2513 482 2575 occurrunt.
516 2507 646 2573 Cassius
679 2528 809 2593 quoque
832 2510 960 2592 saepius
984 2509 1144 2574 causalem
1168 2511 1363 2574 locutionem
1390 2506 1469 2588 rapt

300 2627 385 2688 τοῦτο
409 2623 563 2704 adhibuit,
588 2641 605 2686 e
629 2623 747 2707 quibus
771 2624 849 2686 locis
873 2625 1033 2707 imprimis
1058 2624 1285 2688 memorandus
1310 2629 1358 2688 est
1382 2624 1467 2687 locus

301 2739 354 2820 38,
391 2739 443 2819 24,
480 2739 500 2799 2
537 2756 601 2821 qno
635 2735 855 2818 Thucydidem
887 2739 1047 2801 imitatum
1071 2756 1143 2802 esse
1167 2736 1301 2802 Dionem
1327 2738 1470 2801 diximus

300 2872 370 2936 pag.
397 2852 459 2915 138
472 2870 518 2934 sq.
542 2850 625 2934 (pag.
653 2851 849 2934 135-140).

345 2965 363 3048 ξ
377 2967 405 3028 6.
426 2963 637 3047 comparandi
651 2966 780 3028 notione
793 2963 889 3028 verbo
902 2965 1110 3047 comparandi
1122 2965 1239 3046 addite,
1250 2963 1332 3029 forte
1344 2965 1473 3029 fortuna

302 3078 402 3144 semel
425 3082 550 3142 tantum
576 3077 662 3161 apud
681 3076 816 3142 Dionem
839 3076 1263 3163 naphinvenituridqueex
1277 3079 1474 3142 correctione

301 3193 502 3257 Bekkeriana
522 3191 589 3274 (50,
614 3192 667 3273 22,
692 3191 743 3274 2);
768 3192 859 3255 nullo
883 3192 980 3256 verbo
1003 3192 1155 3256 adiuncto
1176 3194 1305 3277 saepius
1325 3194 1473 3275 occurrit,

300 3309 394 3371 cuius
419 3325 498 3370 usus
522 3306 607 3389 apud
631 3307 829 3389 antiquiores
849 3325 952 3389 pauca
964 3311 1094 3370 exstant
1106 3307 1261 3391 exempla.
1275 3306 1473 3391 Plerumque

299 3422 359 3484 hac
382 3419 616 3504 significatione
639 3411 776 3484 ornatae
794 3421 1020 3514 praepositioni
1046 3420 1131 3500 napa
1153 3422 1284 3486 additur
1307 3441 1471 3506 compara-

287 3519 387 3599 tivus
412 3533 463 3618 (cf.
487 3554 555 3618 pag.
584 3533 669 3616 143),
692 3552 764 3596 raro
788 3533 1003 3617 superlativus
1022 3534 1105 3619 (pag.
1129 3535 1219 3618 144),
1235 3555 1469 3620 nonnunquam

299 3649 492 3713 vocabulum
514 3649 644 3711 notione
665 3649 881 3730 comparativa
899 3648 1087 3732 praeditum.
1101 3647 1234 3714 Locutio
1248 3647 1333 3729 napi
1345 3647 1472 3727 δύναμιν

300 3782 383 3846 quae
416 3762 501 3846 apud
535 3761 753 3842 Thucydidem
787 3767 899 3845 qnater
922 3765 1071 3845 occurrit,
1094 3769 1208 3847 quater
1232 3783 1362 3848 quoqne
1386 3764 1472 3848 apud

299 3873 435 3939 Dionem
460 3876 713 3960 legitn13semel
736 3881 861 3940 tantum
887 3875 971 3955 παρὰ
994 3876 1047 3949 τὴν
1073 3876 1164 3956 ἰσχὺν
1184 3897 1321 3961 quarum
1335 3883 1473 3961 utraque

299 3989 419 4054 locutio
453 4009 570 4072 ,supra
598 4009 695 4073 quam
721 3991 803 4054 vires
828 3988 961 4053 sinunt’'
984 3989 1150 4074 significat.
1175 3989 1342 4054 Vocabula
1365 3987 1472 4062 ἄλλος,

301 4100 405 4182 ἕτερος,
431 4101 570 4182 διάφορος
594 4103 703 4167 addita
726 4122 820 4186 saepe
844 4104 930 4187 apud
953 4102 1131 4188 Platonem,
1153 4104 1317 4168 interdum
1338 4102 1474 4169 aDione

300 4218 451 4283 adiuncta
474 4217 694 4282 inveniuntur.
718 4220 799 4301 (pag.
826 4218 1020 4295 140-148).

342 4331 361 4412 ξ
398 4332 426 4394 i.
462 4328 712 4412 Praepositionis
747 4329 830 4410 παρὰ
853 4329 961 4395 verbis
985 4331 1179 4395 aestimandi
1201 4331 1362 4395 adiunctis
1386 4330 1472 4414 apud

298 4447 496 4530 antiquiores
516 4463 617 4528 pauca
638 4451 765 4508 exstant
779 4445 935 4528 exempla,
947 4445 1105 4528 permulta
1118 4463 1193 4509 vero
1207 4446 1292 4530 apud
1306 4445 1472 4510 Cassium:
