3400 5212
834 536 874 602 oi

263 724 341 808 quid
372 724 507 804 intersit,
540 742 604 807 qua
636 721 676 785 de
700 740 798 784 causa
822 721 967 785 diversas
991 719 1173 784 adhibuerit
1197 718 1328 785 Cassius
1353 741 1440 805 prse-

263 838 446 921 positiones
476 834 559 915 rapa
582 839 634 899 τοῦ
658 833 733 899 θείου
759 832 963 912 &cataoniam
985 840 1071 899 recte
1091 834 1217 917 dicitur,
1230 836 1306 918 quia
1319 834 1441 913 βοήθειαι

264 951 421 1034 quaedam
455 971 474 1014 a
508 955 597 1034 parte
633 951 763 1013 deorum
799 949 838 1011 ad
871 949 1016 1012 homines
1049 949 1203 1032 pervenit,
1225 950 1271 1013 ita
1294 955 1330 1014 ut
1353 952 1440 1030 notio

262 1065 373 1129 localis
408 1067 556 1128 servetur
592 1063 651 1125 hac
685 1063 865 1141 locutione;
899 1061 992 1150 aliter
1023 1041 1131 1125 autem
1155 1078 1207 1125 res
1231 1081 1266 1126 se
1289 1063 1384 1128 habet
1406 1065 1440 1127 in

262 1179 362 1242 altero
398 1176 511 1242 verbo:
548 1175 601 1239 ὑπ’
635 1175 729 1238 αὐτοῦ
767 1173 1012 1252 πολεμουμένοις,
1046 1177 1121 1259 qnia
1145 1174 1307 1239 indicatur
1331 1177 1437 1241 solum

262 1292 419 1355 actionem
443 1289 655 1374 belligerandi
679 1310 697 1353 a
718 1289 857 1373 quodam
878 1287 1086 1372 perfici‚dum
1100 1290 1191 1353 locus
1205 1290 1291 1353 unde
1305 1288 1440 1368 πόλεμος

262 1403 401 1468 infertur
431 1405 563 1467 omnino
589 1422 653 1467 non
678 1403 859 1488 respicitur.
882 1402 970 1467 Idem
996 1402 1167 1467 observare
1190 1421 1364 1486 possumus
1388 1405 1439 1467 in:

308 1518 362 1600 41,
399 1519 452 1600 62,
487 1518 507 1581 4
543 1522 654 1601 (quem
689 1517 797 1581 locum
830 1519 906 1600 quia
938 1516 1072 1581 verbum
1098 1514 1290 1597 προπάσχειν
1314 1518 1440 1599 passiva

264 1631 498 1716 significatione
522 1632 704 1715 praeditum
729 1637 778 1696 est
800 1631 853 1695 hic
876 1631 1135 1710 collocavimus):
1163 1632 1234 1711 παρ’
1256 1629 1365 1695 ἐκείνου
1384 1636 1440 1710 (sc.

264 1745 430 1829 Pompeio)
454 1745 485 1808 δὲ
510 1744 546 1817 ai
572 1745 678 1810 ronan
702 1744 755 1809 aci
777 1744 882 1822 dyada
906 1744 1171 1827 προεπεπόνθεσαν.
1197 1746 1341 1810 Verbum
1361 1743 1440 1808 nair-

265 1883 334 1939 χειν
357 1863 485 1944 passiva
509 1860 743 1944 significatione
767 1865 960 1944 usurpatum
983 1879 1055 1924 esse
1077 1862 1206 1944 saepius
1230 1861 1439 1924 coniunctum

266 1991 341 2036 cum
378 1974 540 2038 adverbiis
575 1969 618 2046 εὖ,
653 1977 751 2045 κακῶς
785 1992 880 2037 nemo
915 1975 1058 2058 ignorat3
1082 1979 1194 2038 nostro
1217 1992 1347 2059 quoque
1370 1974 1440 2036 loco

266 2085 373 2151 nannai
399 2085 449 2151 aa>
473 2086 576 2164 ayant
602 2087 673 2166 παρ’
698 2085 806 2150 ἐκείνου
830 2085 1084 2166 spernendorum
1108 2088 1234 2171 passive
1254 2088 1372 2151 dicitnr
1383 2106 1440 2171 pro

267 2201 373 2264 activa
396 2203 572 2266 sententia:
599 2199 706 2265 roasa
729 2199 781 2265 aa}
805 2199 909 2278 dyadis
932 2199 1170 2274 ἐκεῖνος-αὐτοὺς
1197 2201 1438 2281 aspernamentum.

263 2312 348 2377 Fieri
371 2320 477 2398 potest
500 2320 536 2379 ut
560 2313 622 2378 Dio
646 2316 686 2380 de
708 2315 868 2379 industria
892 2314 951 2378 hoc
974 2314 1044 2379 loco
1066 2317 1333 2399 praepositionem
1356 2313 1440 2395 παρὰ

264 2426 455 2510 adhibuerit,
489 2430 634 2513 cogitans
669 2430 708 2494 de
743 2430 871 2513 propria
906 2431 977 2493 eius
1002 2431 1051 2508 vi3
1077 2431 1109 2492 in
1135 2429 1232 2494 verbo
1256 2432 1343 2494 enim
1369 2451 1439 2508 προ-

266 2538 404 2620 πάσχειν
426 2543 533 2608 inesse
556 2543 685 2608 videtur
708 2541 901 2628 significatio
925 2543 1114 2627 accipiendi,
1138 2562 1221 2628 quae
1245 2542 1342 2608 verba
1365 2562 1439 2606 cum

263 2657 499 2740 praepositione
530 2655 613 2738 rapa
643 2659 797 2741 coniungi
829 2663 955 2737 amant;
992 2657 1114 2739 „multa
1137 2657 1221 2721 bona
1245 2679 1264 2722 a
1286 2657 1439 2741 Pompeio

264 2775 357 2832 antec
380 2770 599 2854 acceperant'’,
623 2772 669 2835 sic
691 2770 757 2835 iere
783 2772 984 2854 interpretari
1004 2791 1178 2855 possumus
1199 2771 1297 2836 verba
1316 2769 1441 2835 Dionea

264 2888 300 2945 nt
329 2884 447 2966 optime
471 2883 642 2949 reddamus
666 2885 936 2969 praepositionem
963 2883 1055 2964 rapot.
1082 2884 1212 2950 Oollstis
1236 2890 1344 2949 autem
1368 2884 1439 2948 aliis

264 3107 378 3173 Dionis
416 3111 471 3194 45,
506 3112 560 3194 35,
596 3114 633 3176 2:
671 3110 776 3175 πολλὰ
811 3111 865 3175 ὑπ’
897 3113 991 3176 atron
1015 3109 1067 3176 aci
1092 3111 1197 3190 saara
1222 3112 1440 3194 spuantium)

265 3243 404 3307 quorum
436 3225 514 3288 alter
545 3225 636 3289 iocus
661 3244 698 3290 sc
723 3227 825 3310 magis
848 3226 1091 3290 admirationem
1115 3226 1209 3291 nobis
1234 3232 1340 3291 movet
1363 3229 1441 3311 quia

263 3339 372 3402 eadem
409 3344 583 3402 occurrunt
619 3337 775 3402 vocabula
809 3343 907 3422 atque
940 3357 978 3403 eo
1013 3339 1053 3404 de
1088 3359 1152 3423 quo
1188 3340 1326 3404 dicimus
1360 3341 1440 3422 loco,

264 3452 392 3516 videtur
428 3452 557 3535 quidem
591 3451 722 3516 Cassius
755 3454 824 3517 sine
848 3453 914 3516 ullo
938 3453 1124 3518 discrimine
1146 3455 1328 3538 promiscue
1352 3454 1439 3517 adhi-

264 3564 375 3630 buisse
408 3567 660 3650 praepositiones
697 3565 782 3645 rapui
817 3572 848 3630 et
885 3566 943 3630 ὑπὸ
975 3567 1063 3630 hisce
1087 3567 1313 3652 locutionibus,
1336 3570 1381 3632 ita
1405 3575 1441 3633 ut

265 3684 402 3762 utraque
433 3680 628 3763 praepositio
652 3678 773 3743 indicet
796 3684 933 3760 tantum,
954 3700 972 3742 a
997 3680 1138 3763 quodam
1162 3683 1321 3745 actionem
1345 3680 1440 3747 bene-

263 3793 402 3858 faciendi
426 3811 496 3858 essa
517 3798 660 3876 gestam3
686 3793 743 3856 sed
767 3800 873 3856 tamen
898 3795 1038 3858 varietas
1060 3795 1153 3874 inest,
1173 3814 1256 3879 quae
1275 3797 1320 3859 ita
1339 3797 1439 3880 expli-

263 3908 365 3972 canda
400 3915 456 3984 ost,
489 3913 523 3971 ut
554 3907 745 3990 praepositio
778 3905 1015 3986 nasaniam
1039 3909 1312 3992 supradiximus,
1336 3913 1439 3993 magis
1501 3961 1503 3966 ,

262 4023 412 4107 respiciat
447 4022 645 4086 localem
679 4022 853 4103 notionem,
886 4020 945 4084 dud
976 4027 1082 4086 autem
1109 4023 1297 4106 simpliciter
1319 4025 1439 4089 indicet

263 4154 431 4218 personam
455 4156 474 4198 a
497 4155 562 4218 qus
585 4135 664 4219 quid
687 4133 732 4217 fit,
755 4135 873 4199 omissa
896 4135 1026 4200 notione
1048 4136 1149 4200 locali.

312 4250 365 4332 69,
389 4250 443 4331 20,
468 4250 505 4312 3:
541 4246 625 4328 rapa
649 4253 703 4321 τῆς
726 4246 846 4328 κρίσεως
870 4245 923 4312 aa}
947 4249 1099 4328 ἀρτιμελῆ
1124 4247 1176 4314 καὶ
1201 4249 1334 4330 ciprianus
1360 4250 1437 4316 aciv-

265 4385 322 4433 τως
356 4361 601 4441 αἱρεῖσθαι.
957 4429 958 4438 ,

308 4473 390 4540 Mira
418 4482 466 4541 est
490 4455 759 4542 enuntiationes
785 4477 880 4541 modo
905 4477 992 4561 quod
1016 4479 1129 4543 attinet
1153 4479 1192 4543 ad
1217 4478 1314 4544 verba
1337 4480 1438 4544 inusi-
