<?xml version="1.0" encoding="UTF-8"?>
<!DOCTYPE html PUBLIC "-//W3C//DTD XHTML 1.0 Transitional//EN"
    "http://www.w3.org/TR/xhtml1/DTD/xhtml1-transitional.dtd">
<html xmlns="http://www.w3.org/1999/xhtml" xml:lang="en" lang="en">
 <head>
  <title>
</title>
<meta http-equiv="Content-Type" content="text/html;charset=utf-8" />
  <meta name='ocr-system' content='tesseract 3.04.00' />
  <meta name='ocr-capabilities' content='ocr_page ocr_carea ocr_par ocr_line ocrx_word'/>
</head>
<body>
  <div class='ocr_page' id='page_1' title='image "./depraepositioni00nawigoog_0140.png"; bbox 0 0 3378 5212; ppageno 0'>
   <div class='ocr_carea' id='block_1_1' title="bbox 785 515 847 580">
    <p class='ocr_par' dir='ltr' id='par_1_1' title="bbox 785 515 847 580">
     <span class='ocr_line' id='line_1_1' title="bbox 785 515 847 580; baseline 0.032 -2"><span class='ocrx_word' id='word_1_1' title='bbox 785 515 847 580; x_wconf 87' lang='lat'><em>131</em></span> 
     </span>
    </p>
   </div>
   <div class='ocr_carea' id='block_1_2' title="bbox 232 700 1405 1354">
    <p class='ocr_par' dir='ltr' id='par_1_2' title="bbox 276 700 1227 788">
     <span class='ocr_line' id='line_1_2' title="bbox 276 700 1227 788; baseline 0 -22"><span class='ocrx_word' id='word_1_2' title='bbox 276 700 470 768; x_wconf 88' lang='lat' dir='ltr'>Pronomine</span> <span class='ocrx_word' id='word_1_3' title='bbox 493 703 584 777; x_wconf 81' lang='grc' dir='ltr'><em>αὐτὸς</em></span> <span class='ocrx_word' id='word_1_4' title='bbox 609 704 727 785; x_wconf 86' lang='lat' dir='ltr'>addito,</span> <span class='ocrx_word' id='word_1_5' title='bbox 750 703 828 767; x_wconf 86' lang='lat' dir='ltr'>haeo</span> <span class='ocrx_word' id='word_1_6' title='bbox 851 704 1038 768; x_wconf 84' lang='lat' dir='ltr'><strong>invenimus</strong></span> <span class='ocrx_word' id='word_1_7' title='bbox 1062 704 1227 788; x_wconf 87' lang='lat' dir='ltr'>exempla:</span> 
     </span>
    </p>

    <p class='ocr_par' dir='ltr' id='par_1_3' title="bbox 232 813 1405 1121">
     <span class='ocr_line' id='line_1_3' title="bbox 277 813 1405 899; baseline 0.004 -21"><span class='ocrx_word' id='word_1_8' title='bbox 277 816 331 897; x_wconf 74' lang='grc'><em>35,</em></span> <span class='ocrx_word' id='word_1_9' title='bbox 353 816 407 899; x_wconf 92' lang='grc'><em>34,</em></span> <span class='ocrx_word' id='word_1_10' title='bbox 432 818 468 880; x_wconf 87' lang='lat'><em>3:</em></span> <span class='ocrx_word' id='word_1_11' title='bbox 494 816 528 881; x_wconf 82' lang='grc' dir='ltr'><em>τὸ</em></span> <span class='ocrx_word' id='word_1_12' title='bbox 551 813 689 892; x_wconf 81' lang='grc' dir='ltr'><em>οἱγοιλμα</em></span> <span class='ocrx_word' id='word_1_13' title='bbox 711 815 820 892; x_wconf 76' lang='grc' dir='ltr'><em>τὸτοῦ</em></span> <span class='ocrx_word' id='word_1_14' title='bbox 845 815 915 890; x_wconf 81' lang='grc' dir='ltr'><em>Διὸς</em></span> <span class='ocrx_word' id='word_1_15' title='bbox 938 815 968 888; x_wconf 81' lang='grc' dir='ltr'><em>ές</em></span> <span class='ocrx_word' id='word_1_16' title='bbox 993 814 1026 880; x_wconf 80' lang='grc' dir='ltr'><em>τὸ</em></span> <span class='ocrx_word' id='word_1_17' title='bbox 1049 815 1244 881; x_wconf 81' lang='grc' dir='ltr'><em>Καπιτώλιον</em></span> <span class='ocrx_word' id='word_1_18' title='bbox 1266 839 1300 880; x_wconf 93' lang='grc' dir='ltr'><em>π.</em></span> <span class='ocrx_word' id='word_1_19' title='bbox 1314 817 1405 882; x_wconf 80' lang='grc' dir='ltr'><em>αὐτὸν</em></span> 
     </span>
     <span class='ocr_line' id='line_1_4' title="bbox 232 925 1405 1014; baseline 0.004 -24"><span class='ocrx_word' id='word_1_20' title='bbox 232 925 281 990; x_wconf 81' lang='grc' dir='ltr'><em>τὸν</em></span> <span class='ocrx_word' id='word_1_21' title='bbox 315 927 413 1007; x_wconf 81' lang='grc' dir='ltr'><em>καιρὸν</em></span> <span class='ocrx_word' id='word_1_22' title='bbox 447 926 502 1002; x_wconf 78' lang='grc' dir='ltr'><em>’πής</em></span> <span class='ocrx_word' id='word_1_23' title='bbox 525 926 691 1001; x_wconf 72' lang='grc' dir='ltr'><strong><em>ἐκκλησίαις</em></strong></span> <span class='ocrx_word' id='word_1_24' title='bbox 713 927 849 1008; x_wconf 77' lang='grc' dir='ltr'><em>ύνιδρύύκ</em></span> <span class='ocrx_word' id='word_1_25' title='bbox 874 933 923 1008; x_wconf 90' lang='lat' dir='ltr'><em>(eo</em></span> <span class='ocrx_word' id='word_1_26' title='bbox 946 931 1016 1012; x_wconf 88' lang='lat' dir='ltr'>ipso</span> <span class='ocrx_word' id='word_1_27' title='bbox 1042 937 1186 1013; x_wconf 85' lang='lat' dir='ltr'>tempore</span> <span class='ocrx_word' id='word_1_28' title='bbox 1210 950 1273 1014; x_wconf 91' lang='lat' dir='ltr'><em>quo</em></span> <span class='ocrx_word' id='word_1_29' title='bbox 1299 933 1405 996; x_wconf 85' lang='lat' dir='ltr'>contio</span> 
     </span>
     <span class='ocr_line' id='line_1_5' title="bbox 232 1017 624 1121; baseline 0.01 -18"><span class='ocrx_word' id='word_1_30' title='bbox 232 1040 428 1121; x_wconf 77' lang='lat' dir='ltr'><strong>habebatur).</strong></span> <span class='ocrx_word' id='word_1_31' title='bbox 620 1017 624 1026; x_wconf 41' lang='grc'>’</span> 
     </span>
    </p>

    <p class='ocr_par' dir='ltr' id='par_1_4' title="bbox 232 1150 1405 1354">
     <span class='ocr_line' id='line_1_6' title="bbox 277 1150 1403 1239; baseline 0.004 -22"><span class='ocrx_word' id='word_1_32' title='bbox 277 1155 331 1238; x_wconf 84' lang='grc'><em>47,</em></span> <span class='ocrx_word' id='word_1_33' title='bbox 366 1154 420 1239; x_wconf 90' lang='grc'><em>40,</em></span> <span class='ocrx_word' id='word_1_34' title='bbox 449 1156 489 1218; x_wconf 84' lang='grc'><em>4;</em></span> <span class='ocrx_word' id='word_1_35' title='bbox 522 1154 556 1218; x_wconf 77' lang='grc' dir='ltr'><em>τὸ</em></span> <span class='ocrx_word' id='word_1_36' title='bbox 579 1155 717 1233; x_wconf 80' lang='grc' dir='ltr'><em>οἱγοιλμα</em></span> <span class='ocrx_word' id='word_1_37' title='bbox 741 1155 774 1220; x_wconf 81' lang='grc' dir='ltr'><em>τὸ</em></span> <span class='ocrx_word' id='word_1_38' title='bbox 798 1160 850 1219; x_wconf 83' lang='grc' dir='ltr'><em>τοῦ</em></span> <span class='ocrx_word' id='word_1_39' title='bbox 877 1155 1035 1228; x_wconf 76' lang='grc' dir='ltr'><em>Διὸς....</em></span> <span class='ocrx_word' id='word_1_40' title='bbox 1061 1150 1142 1234; x_wconf 89' lang='grc' dir='ltr'><em>αἱμα</em></span> <span class='ocrx_word' id='word_1_41' title='bbox 1167 1178 1200 1219; x_wconf 95' lang='grc' dir='ltr'><em>π.</em></span> <span class='ocrx_word' id='word_1_42' title='bbox 1225 1155 1324 1230; x_wconf 81' lang='grc' dir='ltr'><em>αύτύις</em></span> <span class='ocrx_word' id='word_1_43' title='bbox 1346 1156 1403 1230; x_wconf 79' lang='grc' dir='ltr'><em>τοὶς</em></span> 
     </span>
     <span class='ocr_line' id='line_1_7' title="bbox 232 1265 1405 1354; baseline 0.003 -23"><span class='ocrx_word' id='word_1_44' title='bbox 232 1265 349 1347; x_wconf 74' lang='grc' dir='ltr'><em>οἱνοχύις</em></span> <span class='ocrx_word' id='word_1_45' title='bbox 363 1317 369 1332; x_wconf 93' lang='grc'><strong><em>.</em></strong></span> <span class='ocrx_word' id='word_1_46' title='bbox 385 1315 391 1330; x_wconf 93' lang='grc'><strong><em>.</em></strong></span> <span class='ocrx_word' id='word_1_47' title='bbox 407 1315 437 1332; x_wconf 92' lang='grc'><em>..</em></span> <span class='ocrx_word' id='word_1_48' title='bbox 461 1267 590 1332; x_wconf 78' lang='grc' dir='ltr'><em>ύνέδωκε</em></span> <span class='ocrx_word' id='word_1_49' title='bbox 615 1271 696 1353; x_wconf 88' lang='lat' dir='ltr'>(ipso</span> <span class='ocrx_word' id='word_1_50' title='bbox 717 1277 858 1353; x_wconf 88' lang='lat' dir='ltr'>tempore</span> <span class='ocrx_word' id='word_1_51' title='bbox 871 1290 935 1354; x_wconf 88' lang='lat' dir='ltr'><em>quo</em></span> <span class='ocrx_word' id='word_1_52' title='bbox 948 1269 1046 1334; x_wconf 86' lang='lat' dir='ltr'>feriae</span> <span class='ocrx_word' id='word_1_53' title='bbox 1060 1269 1191 1334; x_wconf 81' lang='lat' dir='ltr'><strong>Latinae</strong></span> <span class='ocrx_word' id='word_1_54' title='bbox 1203 1271 1405 1354; x_wconf 81' lang='lat' dir='ltr'>agebantur).</span> 
     </span>
    </p>
   </div>
   <div class='ocr_carea' id='block_1_3' title="bbox 277 1380 1519 1467">
    <p class='ocr_par' dir='ltr' id='par_1_5' title="bbox 277 1380 1519 1467">
     <span class='ocr_line' id='line_1_8' title="bbox 277 1380 1519 1467; baseline 0.002 -22"><span class='ocrx_word' id='word_1_55' title='bbox 277 1383 331 1464; x_wconf 97' lang='grc'><em>36,</em></span> <span class='ocrx_word' id='word_1_56' title='bbox 366 1383 419 1465; x_wconf 89' lang='grc'><em>54,</em></span> <span class='ocrx_word' id='word_1_57' title='bbox 457 1382 491 1445; x_wconf 92' lang='lat' dir='ltr'><em>l:</em></span> <span class='ocrx_word' id='word_1_58' title='bbox 524 1380 719 1462; x_wconf 73' lang='grc' dir='ltr'><em>ἐστράτευσεν</em></span> <span class='ocrx_word' id='word_1_59' title='bbox 749 1383 799 1445; x_wconf 84' lang='grc' dir='ltr'><em>ἐπ’</em></span> <span class='ocrx_word' id='word_1_60' title='bbox 824 1381 935 1455; x_wconf 76' lang='grc' dir='ltr'><em>αὐτούς</em></span> <span class='ocrx_word' id='word_1_61' title='bbox 958 1406 993 1445; x_wconf 92' lang='grc' dir='ltr'><em>π.</em></span> <span class='ocrx_word' id='word_1_62' title='bbox 1017 1382 1099 1446; x_wconf 74' lang='grc' dir='ltr'><em>αὐτοὶ</em></span> <span class='ocrx_word' id='word_1_63' title='bbox 1121 1381 1162 1446; x_wconf 75' lang='grc' dir='ltr'><em>τοὶ</em></span> <span class='ocrx_word' id='word_1_64' title='bbox 1186 1381 1289 1463; x_wconf 78' lang='grc' dir='ltr'><em>Κρόνια</em></span> <span class='ocrx_word' id='word_1_65' title='bbox 1313 1385 1405 1467; x_wconf 83' lang='lat' dir='ltr'>(ipsis</span> <span class='ocrx_word' id='word_1_66' title='bbox 1513 1411 1519 1426; x_wconf 89' lang='lat'><strong>·</strong></span> 
     </span>
    </p>
   </div>
   <div class='ocr_carea' id='block_1_4' title="bbox 232 1494 1409 4537">
    <p class='ocr_par' dir='ltr' id='par_1_6' title="bbox 232 1494 1307 1580">
     <span class='ocr_line' id='line_1_9' title="bbox 232 1494 1307 1580; baseline 0.002 -22"><span class='ocrx_word' id='word_1_67' title='bbox 232 1494 465 1577; x_wconf 75' lang='lat' dir='ltr'>SaturnalibuS‚</span> <span class='ocrx_word' id='word_1_68' title='bbox 488 1497 558 1578; x_wconf 89' lang='lat' dir='ltr'>ipso</span> <span class='ocrx_word' id='word_1_69' title='bbox 582 1505 724 1579; x_wconf 85' lang='lat' dir='ltr'>ternpore</span> <span class='ocrx_word' id='word_1_70' title='bbox 748 1516 812 1580; x_wconf 90' lang='lat' dir='ltr'><em>quo</em></span> <span class='ocrx_word' id='word_1_71' title='bbox 836 1496 1019 1561; x_wconf 82' lang='lat' dir='ltr'>Saturnalia</span> <span class='ocrx_word' id='word_1_72' title='bbox 1042 1495 1307 1576; x_wconf 83' lang='lat' dir='ltr'>celebrabantur).</span> 
     </span>
    </p>

    <p class='ocr_par' dir='ltr' id='par_1_7' title="bbox 232 1608 1405 2034">
     <span class='ocr_line' id='line_1_10' title="bbox 279 1608 1404 1692; baseline 0.003 -20"><span class='ocrx_word' id='word_1_73' title='bbox 279 1609 332 1692; x_wconf 92' lang='grc'><em>13,</em></span> <span class='ocrx_word' id='word_1_74' title='bbox 355 1610 391 1672; x_wconf 82' lang='lat'><em>3:</em></span> <span class='ocrx_word' id='word_1_75' title='bbox 426 1609 574 1674; x_wconf 86' lang='lat' dir='ltr'>Valerius</span> <span class='ocrx_word' id='word_1_76' title='bbox 609 1608 815 1690; x_wconf 63' lang='lat' dir='ltr'><em>reprensuros</em></span> <span class='ocrx_word' id='word_1_77' title='bbox 838 1613 924 1675; x_wconf 85' lang='grc' dir='ltr'><em>τούτο</em></span> <span class='ocrx_word' id='word_1_78' title='bbox 949 1610 1063 1690; x_wconf 82' lang='lat' dir='ltr'>(filium</span> <span class='ocrx_word' id='word_1_79' title='bbox 1088 1610 1215 1675; x_wconf 89' lang='lat' dir='ltr'>Horatii</span> <span class='ocrx_word' id='word_1_80' title='bbox 1240 1618 1404 1676; x_wconf 88' lang='lat' dir='ltr'>mortuum</span> 
     </span>
     <span class='ocr_line' id='line_1_11' title="bbox 233 1721 1405 1809; baseline 0.003 -22"><span class='ocrx_word' id='word_1_81' title='bbox 233 1727 313 1802; x_wconf 84' lang='lat' dir='ltr'>esse)</span> <span class='ocrx_word' id='word_1_82' title='bbox 350 1746 384 1785; x_wconf 92' lang='grc' dir='ltr'><em>π.</em></span> <span class='ocrx_word' id='word_1_83' title='bbox 416 1722 511 1796; x_wconf 81' lang='grc' dir='ltr'><em>αὐτήν</em></span> <span class='ocrx_word' id='word_1_84' title='bbox 541 1724 624 1803; x_wconf 80' lang='grc' dir='ltr'><em>αὐτῷ</em></span> <span class='ocrx_word' id='word_1_85' title='bbox 647 1721 702 1795; x_wconf 84' lang='grc' dir='ltr'><em>τήν</em></span> <span class='ocrx_word' id='word_1_86' title='bbox 726 1723 886 1804; x_wconf 75' lang='grc' dir='ltr'><em>ἱερουργίαν</em></span> <span class='ocrx_word' id='word_1_87' title='bbox 909 1725 1096 1802; x_wconf 72' lang='grc' dir='ltr'><em>ἀγγελθῆναι</em></span> <span class='ocrx_word' id='word_1_88' title='bbox 1120 1728 1165 1806; x_wconf 88' lang='lat' dir='ltr'><em>(in</em></span> <span class='ocrx_word' id='word_1_89' title='bbox 1191 1728 1261 1809; x_wconf 85' lang='lat' dir='ltr'>ipso</span> <span class='ocrx_word' id='word_1_90' title='bbox 1286 1726 1405 1790; x_wconf 86' lang='lat' dir='ltr'>sacrifi·</span> 
     </span>
     <span class='ocr_line' id='line_1_12' title="bbox 234 1836 1404 1921; baseline 0.003 -23"><span class='ocrx_word' id='word_1_91' title='bbox 234 1836 345 1916; x_wconf 84' lang='lat' dir='ltr'>cando,</span> <span class='ocrx_word' id='word_1_92' title='bbox 381 1842 524 1920; x_wconf 88' lang='lat' dir='ltr'>tempore</span> <span class='ocrx_word' id='word_1_93' title='bbox 559 1839 629 1921; x_wconf 84' lang='lat' dir='ltr'>ipso</span> <span class='ocrx_word' id='word_1_94' title='bbox 667 1856 731 1921; x_wconf 90' lang='lat' dir='ltr'><em>quo</em></span> <span class='ocrx_word' id='word_1_95' title='bbox 766 1857 857 1902; x_wconf 87' lang='lat' dir='ltr'>saora</span> <span class='ocrx_word' id='word_1_96' title='bbox 890 1837 1010 1902; x_wconf 88' lang='lat' dir='ltr'>fiebant</span> <span class='ocrx_word' id='word_1_97' title='bbox 1040 1838 1080 1902; x_wconf 90' lang='lat' dir='ltr'><em>ad</em></span> <span class='ocrx_word' id='word_1_98' title='bbox 1111 1836 1219 1917; x_wconf 87' lang='grc' dir='ltr'><em>ἱέρωσιν</em></span> <span class='ocrx_word' id='word_1_99' title='bbox 1244 1842 1296 1902; x_wconf 83' lang='grc' dir='ltr'><em>πού</em></span> <span class='ocrx_word' id='word_1_100' title='bbox 1320 1836 1404 1919; x_wconf 83' lang='grc' dir='ltr'><em>ἔργον</em></span> 
     </span>
     <span class='ocr_line' id='line_1_13' title="bbox 232 1947 1236 2034; baseline 0.002 -22"><span class='ocrx_word' id='word_1_101' title='bbox 232 1947 375 2031; x_wconf 86' lang='grc' dir='ltr'><em>(ε’ύεὶασεν</em></span> <span class='ocrx_word' id='word_1_102' title='bbox 395 1952 479 2014; x_wconf 88' lang='lat' dir='ltr'>onim</span> <span class='ocrx_word' id='word_1_103' title='bbox 504 1949 659 2015; x_wconf 84' lang='lat' dir='ltr'>Horatius</span> <span class='ocrx_word' id='word_1_104' title='bbox 683 1950 732 2014; x_wconf 79' lang='grc' dir='ltr'><em>τὸν</em></span> <span class='ocrx_word' id='word_1_105' title='bbox 755 1954 807 2015; x_wconf 85' lang='grc' dir='ltr'><em>τοῦ</em></span> <span class='ocrx_word' id='word_1_106' title='bbox 833 1952 904 2024; x_wconf 81' lang='grc' dir='ltr'><em>Διὸς</em></span> <span class='ocrx_word' id='word_1_107' title='bbox 928 1951 994 2016; x_wconf 78' lang='grc' dir='ltr'><em>νεῖον</em></span> <span class='ocrx_word' id='word_1_108' title='bbox 1018 1951 1081 2015; x_wconf 65' lang='lat' dir='ltr'><em>atel</em></span> <span class='ocrx_word' id='word_1_109' title='bbox 1103 1951 1236 2034; x_wconf 84' lang='grc' dir='ltr'><em>κλήρου).</em></span> 
     </span>
    </p>

    <p class='ocr_par' dir='ltr' id='par_1_8' title="bbox 233 2060 1405 2376">
     <span class='ocr_line' id='line_1_14' title="bbox 278 2060 1405 2146; baseline 0.001 -19"><span class='ocrx_word' id='word_1_110' title='bbox 278 2064 332 2146; x_wconf 94' lang='grc'><em>50,</em></span> <span class='ocrx_word' id='word_1_111' title='bbox 357 2064 410 2146; x_wconf 90' lang='grc'><em>10,</em></span> <span class='ocrx_word' id='word_1_112' title='bbox 433 2064 470 2126; x_wconf 86' lang='lat'><em>3:</em></span> <span class='ocrx_word' id='word_1_113' title='bbox 495 2062 571 2126; x_wconf 86' lang='grc' dir='ltr'><em>κύαν</em></span> <span class='ocrx_word' id='word_1_114' title='bbox 594 2062 668 2128; x_wconf 91' lang='grc' dir='ltr'><em>κύνα</em></span> <span class='ocrx_word' id='word_1_115' title='bbox 691 2065 720 2127; x_wconf 86' lang='grc' dir='ltr'><em>έν</em></span> <span class='ocrx_word' id='word_1_116' title='bbox 743 2064 785 2144; x_wconf 75' lang='grc' dir='ltr'><em>τῷ</em></span> <span class='ocrx_word' id='word_1_117' title='bbox 808 2063 983 2144; x_wconf 76' lang='grc' dir='ltr'><em>ἱπποδρόμῳ</em></span> <span class='ocrx_word' id='word_1_118' title='bbox 1008 2088 1042 2128; x_wconf 93' lang='grc' dir='ltr'><em>π.</em></span> <span class='ocrx_word' id='word_1_119' title='bbox 1068 2062 1163 2136; x_wconf 82' lang='grc' dir='ltr'><em>αὐτήν</em></span> <span class='ocrx_word' id='word_1_120' title='bbox 1186 2065 1240 2138; x_wconf 81' lang='grc' dir='ltr'><em>τήν</em></span> <span class='ocrx_word' id='word_1_121' title='bbox 1263 2060 1405 2143; x_wconf 84' lang='grc' dir='ltr'><em>ἱὶμιλλαν</em></span> 
     </span>
     <span class='ocr_line' id='line_1_15' title="bbox 234 2173 1403 2263; baseline 0.001 -22"><span class='ocrx_word' id='word_1_122' title='bbox 234 2180 290 2241; x_wconf 85' lang='grc' dir='ltr'><em>τῶν</em></span> <span class='ocrx_word' id='word_1_123' title='bbox 326 2173 427 2240; x_wconf 82' lang='grc' dir='ltr'><em>ἱππων</em></span> <span class='ocrx_word' id='word_1_124' title='bbox 462 2175 685 2258; x_wconf 87' lang='grc' dir='ltr'><em>κατειργοὶσατο</em></span> <span class='ocrx_word' id='word_1_125' title='bbox 720 2176 773 2242; x_wconf 90' lang='grc' dir='ltr'><em>καὶ</em></span> <span class='ocrx_word' id='word_1_126' title='bbox 808 2177 975 2259; x_wconf 76' lang='grc' dir='ltr'><em>κατέφαγε</em></span> <span class='ocrx_word' id='word_1_127' title='bbox 1006 2182 1054 2257; x_wconf 85' lang='lat' dir='ltr'><em>(eo</em></span> <span class='ocrx_word' id='word_1_128' title='bbox 1078 2181 1149 2263; x_wconf 84' lang='lat' dir='ltr'>ipso</span> <span class='ocrx_word' id='word_1_129' title='bbox 1173 2184 1315 2262; x_wconf 87' lang='lat' dir='ltr'>temporo</span> <span class='ocrx_word' id='word_1_130' title='bbox 1338 2198 1403 2262; x_wconf 91' lang='lat' dir='ltr'><em>quo</em></span> 
     </span>
     <span class='ocr_line' id='line_1_16' title="bbox 233 2293 703 2376; baseline 0.004 -21"><span class='ocrx_word' id='word_1_131' title='bbox 233 2299 393 2356; x_wconf 83' lang='lat' dir='ltr'>certamen</span> <span class='ocrx_word' id='word_1_132' title='bbox 417 2300 565 2376; x_wconf 86' lang='lat' dir='ltr'>equestre</span> <span class='ocrx_word' id='word_1_133' title='bbox 587 2293 703 2374; x_wconf 82' lang='lat' dir='ltr'>fiebat).</span> 
     </span>
    </p>

    <p class='ocr_par' dir='ltr' id='par_1_9' title="bbox 233 2401 1405 2721">
     <span class='ocr_line' id='line_1_17' title="bbox 278 2401 1405 2490; baseline -0.001 -20"><span class='ocrx_word' id='word_1_134' title='bbox 278 2407 332 2490; x_wconf 89' lang='grc'><em>55,</em></span> <span class='ocrx_word' id='word_1_135' title='bbox 355 2408 387 2490; x_wconf 84' lang='grc'><em>2,</em></span> <span class='ocrx_word' id='word_1_136' title='bbox 412 2409 449 2471; x_wconf 84' lang='lat'><em>2:</em></span> <span class='ocrx_word' id='word_1_137' title='bbox 473 2408 526 2470; x_wconf 82' lang='grc' dir='ltr'><em>οὐκ</em></span> <span class='ocrx_word' id='word_1_138' title='bbox 550 2401 583 2480; x_wconf 90' lang='grc' dir='ltr'><em>ήν</em></span> <span class='ocrx_word' id='word_1_139' title='bbox 606 2407 631 2471; x_wconf 93' lang='grc' dir='ltr'><em>οἱ</em></span> <span class='ocrx_word' id='word_1_140' title='bbox 654 2403 729 2471; x_wconf 84' lang='grc' dir='ltr'><em>ύσιον</em></span> <span class='ocrx_word' id='word_1_141' title='bbox 753 2407 796 2483; x_wconf 81' lang='grc' dir='ltr'><em>μή</em></span> <span class='ocrx_word' id='word_1_142' title='bbox 821 2407 853 2470; x_wconf 92' lang='grc' dir='ltr'><em>ού</em></span> <span class='ocrx_word' id='word_1_143' title='bbox 877 2405 920 2470; x_wconf 73' lang='grc' dir='ltr'><em>τοὶ</em></span> <span class='ocrx_word' id='word_1_144' title='bbox 943 2405 1110 2480; x_wconf 86' lang='grc' dir='ltr'><em>καύήκοντιι</em></span> <span class='ocrx_word' id='word_1_145' title='bbox 1133 2404 1183 2469; x_wconf 87' lang='grc' dir='ltr'><em>έπὶ</em></span> <span class='ocrx_word' id='word_1_146' title='bbox 1203 2411 1266 2478; x_wconf 83' lang='grc' dir='ltr'><em>τοὶς</em></span> <span class='ocrx_word' id='word_1_147' title='bbox 1284 2428 1405 2485; x_wconf 88' lang='grc' dir='ltr'><em>κατειρ-</em></span> 
     </span>
     <span class='ocr_line' id='line_1_18' title="bbox 233 2518 1404 2602; baseline -0.003 -16"><span class='ocrx_word' id='word_1_148' title='bbox 233 2521 406 2600; x_wconf 82' lang='grc' dir='ltr'><em>γασμένοις,</em></span> <span class='ocrx_word' id='word_1_149' title='bbox 442 2546 476 2587; x_wconf 93' lang='grc' dir='ltr'><em>π.</em></span> <span class='ocrx_word' id='word_1_150' title='bbox 513 2521 608 2595; x_wconf 81' lang='grc' dir='ltr'><em>αὐτήν</em></span> <span class='ocrx_word' id='word_1_151' title='bbox 642 2524 696 2597; x_wconf 82' lang='grc' dir='ltr'><em>τήν</em></span> <span class='ocrx_word' id='word_1_152' title='bbox 731 2520 799 2586; x_wconf 86' lang='grc' dir='ltr'><em>εἱσιο</em></span> <span class='ocrx_word' id='word_1_153' title='bbox 835 2526 886 2585; x_wconf 83' lang='grc' dir='ltr'><em>τοῦ</em></span> <span class='ocrx_word' id='word_1_154' title='bbox 923 2519 1074 2602; x_wconf 82' lang='grc' dir='ltr'><em>πωμήρὶον</em></span> <span class='ocrx_word' id='word_1_155' title='bbox 1098 2518 1203 2593; x_wconf 73' lang='grc' dir='ltr'><em>ἔσοδον,</em></span> <span class='ocrx_word' id='word_1_156' title='bbox 1227 2518 1404 2584; x_wconf 74' lang='grc' dir='ltr'><em>ἐπιτελέσαι</em></span> 
     </span>
     <span class='ocr_line' id='line_1_19' title="bbox 233 2638 932 2721; baseline 0 -21"><span class='ocrx_word' id='word_1_157' title='bbox 233 2639 280 2718; x_wconf 90' lang='lat' dir='ltr'><em>(eo</em></span> <span class='ocrx_word' id='word_1_158' title='bbox 303 2643 446 2720; x_wconf 88' lang='lat' dir='ltr'>tempore</span> <span class='ocrx_word' id='word_1_159' title='bbox 471 2657 536 2721; x_wconf 92' lang='lat' dir='ltr'><em>quo</em></span> <span class='ocrx_word' id='word_1_160' title='bbox 558 2639 756 2720; x_wconf 89' lang='lat' dir='ltr'>pomoerium</span> <span class='ocrx_word' id='word_1_161' title='bbox 781 2638 932 2718; x_wconf 85' lang='lat' dir='ltr'>intravit).</span> 
     </span>
    </p>

    <p class='ocr_par' dir='ltr' id='par_1_10' title="bbox 234 2746 1408 3064">
     <span class='ocr_line' id='line_1_20' title="bbox 279 2746 1405 2834; baseline -0.004 -20"><span class='ocrx_word' id='word_1_162' title='bbox 279 2751 333 2834; x_wconf 82' lang='grc'><em>67,</em></span> <span class='ocrx_word' id='word_1_163' title='bbox 370 2750 422 2833; x_wconf 91' lang='grc'><em>14,</em></span> <span class='ocrx_word' id='word_1_164' title='bbox 457 2752 495 2815; x_wconf 89' lang='lat'><em>4:</em></span> <span class='ocrx_word' id='word_1_165' title='bbox 532 2750 601 2826; x_wconf 82' lang='grc' dir='ltr'><em>τούς</em></span> <span class='ocrx_word' id='word_1_166' title='bbox 635 2750 791 2832; x_wconf 74' lang='grc' dir='ltr'><em>ε’ποὶρχους</em></span> <span class='ocrx_word' id='word_1_167' title='bbox 824 2774 858 2814; x_wconf 93' lang='grc' dir='ltr'><em>π.</em></span> <span class='ocrx_word' id='word_1_168' title='bbox 883 2751 977 2825; x_wconf 81' lang='grc' dir='ltr'><em>αὐτήν</em></span> <span class='ocrx_word' id='word_1_169' title='bbox 1001 2751 1055 2825; x_wconf 91' lang='grc' dir='ltr'><em>τήν</em></span> <span class='ocrx_word' id='word_1_170' title='bbox 1079 2747 1240 2828; x_wconf 87' lang='grc' dir='ltr'><em>ήγεμονὶαν</em></span> <span class='ocrx_word' id='word_1_171' title='bbox 1262 2746 1405 2828; x_wconf 87' lang='grc' dir='ltr'><em>κρὶνεσύαι</em></span> 
     </span>
     <span class='ocr_line' id='line_1_21' title="bbox 235 2863 1408 2950; baseline 0.001 -22"><span class='ocrx_word' id='word_1_172' title='bbox 235 2863 328 2930; x_wconf 82' lang='grc' dir='ltr'><em>ἐποίει</em></span> <span class='ocrx_word' id='word_1_173' title='bbox 363 2865 569 2932; x_wconf 86' lang='lat' dir='ltr'>Domitianus</span> <span class='ocrx_word' id='word_1_174' title='bbox 604 2866 773 2947; x_wconf 77' lang='lat' dir='ltr'>(efficiebat</span> <span class='ocrx_word' id='word_1_175' title='bbox 807 2872 844 2930; x_wconf 93' lang='lat' dir='ltr'><em>ut</em></span> <span class='ocrx_word' id='word_1_176' title='bbox 875 2864 1026 2950; x_wconf 80' lang='lat' dir='ltr'>praelecti</span> <span class='ocrx_word' id='word_1_177' title='bbox 1057 2867 1091 2928; x_wconf 91' lang='lat' dir='ltr'><em>in</em></span> <span class='ocrx_word' id='word_1_178' title='bbox 1113 2866 1185 2948; x_wconf 84' lang='lat' dir='ltr'>ipsa</span> <span class='ocrx_word' id='word_1_179' title='bbox 1208 2864 1408 2948; x_wconf 81' lang='lat' dir='ltr'>praefectura</span> 
     </span>
     <span class='ocr_line' id='line_1_22' title="bbox 234 2983 494 3064; baseline 0 -21"><span class='ocrx_word' id='word_1_180' title='bbox 234 2983 281 3044; x_wconf 90' lang='lat' dir='ltr'><em>rei</em></span> <span class='ocrx_word' id='word_1_181' title='bbox 304 2984 494 3064; x_wconf 70' lang='lat' dir='ltr'>agerentur).</span> 
     </span>
    </p>

    <p class='ocr_par' dir='ltr' id='par_1_11' title="bbox 234 3091 1408 3405">
     <span class='ocr_line' id='line_1_23' title="bbox 280 3091 1408 3177; baseline 0.001 -21"><span class='ocrx_word' id='word_1_182' title='bbox 280 3092 368 3157; x_wconf 78' lang='lat' dir='ltr'>(lons.</span> <span class='ocrx_word' id='word_1_183' title='bbox 400 3092 511 3176; x_wconf 88' lang='lat' dir='ltr'>Polyb.</span> <span class='ocrx_word' id='word_1_184' title='bbox 543 3095 588 3176; x_wconf 82' lang='lat'><em>(3,</em></span> <span class='ocrx_word' id='word_1_185' title='bbox 611 3095 666 3177; x_wconf 87' lang='grc'><em>85,</em></span> <span class='ocrx_word' id='word_1_186' title='bbox 690 3095 738 3172; x_wconf 85' lang='grc'><em>8);</em></span> <span class='ocrx_word' id='word_1_187' title='bbox 765 3117 799 3156; x_wconf 93' lang='grc' dir='ltr'><em>π.</em></span> <span class='ocrx_word' id='word_1_188' title='bbox 825 3093 915 3157; x_wconf 85' lang='grc' dir='ltr'><em>αὐτὸν</em></span> <span class='ocrx_word' id='word_1_189' title='bbox 938 3099 993 3166; x_wconf 79' lang='grc' dir='ltr'><em>πήο</em></span> <span class='ocrx_word' id='word_1_190' title='bbox 1015 3091 1127 3173; x_wconf 74' lang='grc' dir='ltr'><em>μύχκς</em></span> <span class='ocrx_word' id='word_1_191' title='bbox 1149 3091 1257 3172; x_wconf 82' lang='grc' dir='ltr'><em>καιρόν,</em></span> <span class='ocrx_word' id='word_1_192' title='bbox 1289 3094 1408 3176; x_wconf 82' lang='lat' dir='ltr'>saepis·</span> 
     </span>
     <span class='ocr_line' id='line_1_24' title="bbox 235 3206 1407 3293; baseline -0.001 -21"><span class='ocrx_word' id='word_1_193' title='bbox 235 3210 314 3272; x_wconf 88' lang='lat' dir='ltr'>sime</span> <span class='ocrx_word' id='word_1_194' title='bbox 338 3208 424 3293; x_wconf 90' lang='lat' dir='ltr'>apud</span> <span class='ocrx_word' id='word_1_195' title='bbox 448 3208 585 3272; x_wconf 86' lang='lat' dir='ltr'>eundern</span> <span class='ocrx_word' id='word_1_196' title='bbox 609 3209 748 3271; x_wconf 83' lang='lat' dir='ltr'>occurrit</span> <span class='ocrx_word' id='word_1_197' title='bbox 770 3208 890 3271; x_wconf 88' lang='lat' dir='ltr'>locutio</span> <span class='ocrx_word' id='word_1_198' title='bbox 915 3230 949 3270; x_wconf 95' lang='grc' dir='ltr'><em>π.</em></span> <span class='ocrx_word' id='word_1_199' title='bbox 974 3207 1065 3272; x_wconf 79' lang='grc' dir='ltr'><em>αὐτὸν</em></span> <span class='ocrx_word' id='word_1_200' title='bbox 1089 3206 1138 3271; x_wconf 81' lang='grc' dir='ltr'><em>τὸν</em></span> <span class='ocrx_word' id='word_1_201' title='bbox 1158 3206 1256 3286; x_wconf 81' lang='grc' dir='ltr'><em>καιρὸν</em></span> <span class='ocrx_word' id='word_1_202' title='bbox 1275 3208 1407 3290; x_wconf 78' lang='grc' dir='ltr'><em>(οοὶρεο</em></span> 
     </span>
     <span class='ocr_line' id='line_1_25' title="bbox 234 3324 549 3405; baseline -0.01 -19"><span class='ocrx_word' id='word_1_203' title='bbox 234 3325 387 3405; x_wconf 85' lang='lat' dir='ltr'>temporis</span> <span class='ocrx_word' id='word_1_204' title='bbox 410 3324 549 3405; x_wconf 72' lang='lat' dir='ltr'><em>puncto)⁴</em></span> 
     </span>
    </p>

    <p class='ocr_par' dir='ltr' id='par_1_12' title="bbox 280 3433 1262 3518">
     <span class='ocr_line' id='line_1_26' title="bbox 280 3433 1262 3518; baseline 0.001 -20"><span class='ocrx_word' id='word_1_205' title='bbox 280 3435 353 3498; x_wconf 85' lang='lat' dir='ltr'>Vid.</span> <span class='ocrx_word' id='word_1_206' title='bbox 375 3433 464 3500; x_wconf 90' lang='lat' dir='ltr'>Dom.</span> <span class='ocrx_word' id='word_1_207' title='bbox 489 3436 556 3518; x_wconf 83' lang='grc'>(20,</span> <span class='ocrx_word' id='word_1_208' title='bbox 580 3435 651 3512; x_wconf 82' lang='grc'>41);</span> <span class='ocrx_word' id='word_1_209' title='bbox 678 3458 712 3497; x_wconf 93' lang='grc' dir='ltr'><em>π.</em></span> <span class='ocrx_word' id='word_1_210' title='bbox 737 3438 866 3499; x_wconf 80' lang='grc' dir='ltr'><em>τοιοῦτον</em></span> <span class='ocrx_word' id='word_1_211' title='bbox 890 3434 987 3515; x_wconf 79' lang='grc' dir='ltr'><em>καιρὸν</em></span> <span class='ocrx_word' id='word_1_212' title='bbox 1010 3436 1077 3515; x_wconf 88' lang='lat' dir='ltr'>(lali</span> <span class='ocrx_word' id='word_1_213' title='bbox 1101 3438 1262 3518; x_wconf 81' lang='lat' dir='ltr'>tompore).</span> 
     </span>
    </p>

    <p class='ocr_par' dir='ltr' id='par_1_13' title="bbox 236 3547 1408 3860">
     <span class='ocr_line' id='line_1_27' title="bbox 279 3547 1408 3634; baseline 0.001 -22"><span class='ocrx_word' id='word_1_214' title='bbox 279 3548 313 3631; x_wconf 80' lang='grc' dir='ltr'><em>οἱ)</em></span> <span class='ocrx_word' id='word_1_215' title='bbox 339 3547 461 3630; x_wconf 89' lang='lat' dir='ltr'>Unum,</span> <span class='ocrx_word' id='word_1_216' title='bbox 485 3549 518 3611; x_wconf 94' lang='lat' dir='ltr'><em>ni</em></span> <span class='ocrx_word' id='word_1_217' title='bbox 542 3547 643 3630; x_wconf 79' lang='lat' dir='ltr'>fallor,</span> <span class='ocrx_word' id='word_1_218' title='bbox 667 3549 752 3631; x_wconf 90' lang='lat' dir='ltr'>apud</span> <span class='ocrx_word' id='word_1_219' title='bbox 773 3547 921 3614; x_wconf 80' lang='lat' dir='ltr'>cassium</span> <span class='ocrx_word' id='word_1_220' title='bbox 945 3547 1080 3612; x_wconf 90' lang='lat' dir='ltr'>Dionem</span> <span class='ocrx_word' id='word_1_221' title='bbox 1094 3557 1201 3613; x_wconf 82' lang='lat' dir='ltr'>exstat</span> <span class='ocrx_word' id='word_1_222' title='bbox 1213 3550 1408 3634; x_wconf 83' lang='lat' dir='ltr'>exemplum,</span> 
     </span>
     <span class='ocr_line' id='line_1_28' title="bbox 237 3659 1406 3747; baseline 0.001 -21"><span class='ocrx_word' id='word_1_223' title='bbox 237 3682 300 3746; x_wconf 93' lang='lat' dir='ltr'><em>quo</em></span> <span class='ocrx_word' id='word_1_224' title='bbox 326 3659 1090 3746; x_wconf 68' lang='lat' dir='ltr'>repultemporalisignilioatione</span> <span class='ocrx_word' id='word_1_225' title='bbox 1114 3662 1406 3747; x_wconf 86' lang='lat' dir='ltr'>signifioarovide·</span> 
     </span>
     <span class='ocr_line' id='line_1_29' title="bbox 236 3777 652 3860; baseline -0.002 -19"><span class='ocrx_word' id='word_1_226' title='bbox 236 3784 305 3842; x_wconf 84' lang='lat' dir='ltr'>tur:</span> <span class='ocrx_word' id='word_1_227' title='bbox 342 3777 504 3841; x_wconf 88' lang='lat' dir='ltr'>atatim</span> <span class='ocrx_word' id='word_1_228' title='bbox 539 3782 652 3860; x_wconf 85' lang='lat' dir='ltr'>post.</span> 
     </span>
    </p>

    <p class='ocr_par' dir='ltr' id='par_1_14' title="bbox 236 3868 1409 4537">
     <span class='ocr_line' id='line_1_30' title="bbox 280 3868 1409 3972; baseline 0 -20"><span class='ocrx_word' id='word_1_229' title='bbox 280 3889 474 3972; x_wconf 78' lang='lat' dir='ltr'>Exemplum</span> <span class='ocrx_word' id='word_1_230' title='bbox 511 3890 596 3972; x_wconf 91' lang='lat' dir='ltr'>quod</span> <span class='ocrx_word' id='word_1_231' title='bbox 628 3868 698 3952; x_wconf 74' lang='lat' dir='ltr'>llioo</span> <span class='ocrx_word' id='word_1_232' title='bbox 733 3889 870 3972; x_wconf 82' lang='lat' dir='ltr'>legimus</span> <span class='ocrx_word' id='word_1_233' title='bbox 906 3889 960 3972; x_wconf 89' lang='grc'><em>46,</em></span> <span class='ocrx_word' id='word_1_234' title='bbox 998 3889 1049 3971; x_wconf 93' lang='grc'><em>10,</em></span> <span class='ocrx_word' id='word_1_235' title='bbox 1085 3890 1122 3952; x_wconf 86' lang='grc'><em>3;</em></span> <span class='ocrx_word' id='word_1_236' title='bbox 1155 3888 1243 3953; x_wconf 81' lang='grc' dir='ltr'><em>οἱλλύι</em></span> <span class='ocrx_word' id='word_1_237' title='bbox 1266 3893 1314 3953; x_wconf 87' lang='grc' dir='ltr'><em>νύν</em></span> <span class='ocrx_word' id='word_1_238' title='bbox 1338 3891 1409 3966; x_wconf 85' lang='grc' dir='ltr'><em>ήμῖν</em></span> 
     </span>
     <span class='ocr_line' id='line_1_31' title="bbox 238 3999 1408 4084; baseline 0.001 -19"><span class='ocrx_word' id='word_1_239' title='bbox 238 4003 338 4080; x_wconf 84' lang='grc' dir='ltr'><em>λέγεις</em></span> <span class='ocrx_word' id='word_1_240' title='bbox 360 3999 432 4068; x_wconf 73' lang='grc' dir='ltr'><em>ὅσοι.</em></span> <span class='ocrx_word' id='word_1_241' title='bbox 447 4051 455 4066; x_wconf 90' lang='grc'><strong>.</strong></span> <span class='ocrx_word' id='word_1_242' title='bbox 470 4054 476 4068; x_wconf 95' lang='grc'><strong><em>.</em></strong></span> <span class='ocrx_word' id='word_1_243' title='bbox 493 4055 499 4069; x_wconf 92' lang='grc'><strong>.</strong></span> <span class='ocrx_word' id='word_1_244' title='bbox 525 4003 750 4084; x_wconf 74' lang='grc' dir='ltr'><em>ἐκακούργησεν,</em></span> <span class='ocrx_word' id='word_1_245' title='bbox 775 4000 838 4079; x_wconf 74' lang='grc' dir='ltr'><em>έξύν</em></span> <span class='ocrx_word' id='word_1_246' title='bbox 858 4027 901 4069; x_wconf 91' lang='grc' dir='ltr'><em>σοι</em></span> <span class='ocrx_word' id='word_1_247' title='bbox 927 4028 947 4068; x_wconf 91' lang='grc' dir='ltr'><em>τ</em></span> <span class='ocrx_word' id='word_1_248' title='bbox 958 4003 973 4068; x_wconf 85' lang='grc' dir='ltr'><em>ο’</em></span> <span class='ocrx_word' id='word_1_249' title='bbox 985 4028 1031 4068; x_wconf 91' lang='grc' dir='ltr'><em>τε</em></span> <span class='ocrx_word' id='word_1_250' title='bbox 1054 4029 1069 4066; x_wconf 90' lang='grc' dir='ltr'><em>ε</em></span> <span class='ocrx_word' id='word_1_251' title='bbox 1082 4004 1098 4066; x_wconf 94' lang='grc' dir='ltr'><em>ύ</em></span> <span class='ocrx_word' id='word_1_252' title='bbox 1112 4002 1125 4066; x_wconf 85' lang='grc' dir='ltr'><em>ύ</em></span> <span class='ocrx_word' id='word_1_253' title='bbox 1140 4003 1155 4065; x_wconf 79' lang='lat' dir='ltr'>b</span> <span class='ocrx_word' id='word_1_254' title='bbox 1169 4029 1183 4076; x_wconf 82' lang='grc' dir='ltr'><em>ς</em></span> <span class='ocrx_word' id='word_1_255' title='bbox 1206 4003 1272 4067; x_wconf 78' lang='grc' dir='ltr'><em>καθ’</em></span> <span class='ocrx_word' id='word_1_256' title='bbox 1282 3999 1408 4066; x_wconf 80' lang='grc' dir='ltr'><em>ἕκαστον</em></span> 
     </span>
     <span class='ocr_line' id='line_1_32' title="bbox 236 4113 1408 4198; baseline 0.002 -19"><span class='ocrx_word' id='word_1_257' title='bbox 236 4117 334 4180; x_wconf 79' lang='grc' dir='ltr'><em>αὐτῶν</em></span> <span class='ocrx_word' id='word_1_258' title='bbox 369 4119 423 4191; x_wconf 85' lang='grc' dir='ltr'><em>τήν</em></span> <span class='ocrx_word' id='word_1_259' title='bbox 448 4119 648 4198; x_wconf 74' lang='grc' dir='ltr'><em>προσήκουσαν</em></span> <span class='ocrx_word' id='word_1_260' title='bbox 674 4117 744 4198; x_wconf 89' lang='grc' dir='ltr'><em>παρ’</em></span> <span class='ocrx_word' id='word_1_261' title='bbox 769 4119 862 4182; x_wconf 85' lang='grc' dir='ltr'><em>αὐτοῦ</em></span> <span class='ocrx_word' id='word_1_262' title='bbox 886 4116 969 4190; x_wconf 75' lang='grc' dir='ltr'><em>δὶκήν</em></span> <span class='ocrx_word' id='word_1_263' title='bbox 992 4116 1161 4198; x_wconf 77' lang='grc' dir='ltr'><em>εἰληφέναι,</em></span> <span class='ocrx_word' id='word_1_264' title='bbox 1188 4113 1234 4180; x_wconf 87' lang='grc' dir='ltr'><em>ἱνα</em></span> <span class='ocrx_word' id='word_1_265' title='bbox 1258 4116 1349 4189; x_wconf 79' lang='grc' dir='ltr'><em>αύτύς</em></span> <span class='ocrx_word' id='word_1_266' title='bbox 1373 4142 1408 4181; x_wconf 91' lang='grc' dir='ltr'><em>τε</em></span> 
     </span>
     <span class='ocr_line' id='line_1_33' title="bbox 238 4229 1407 4313; baseline -0.001 -18"><span class='ocrx_word' id='word_1_267' title='bbox 238 4231 406 4313; x_wconf 80' lang='grc' dir='ltr'><em>Φιλύπολις</em></span> <span class='ocrx_word' id='word_1_268' title='bbox 442 4233 478 4305; x_wconf 82' lang='grc' dir='ltr'><em>οἱς</em></span> <span class='ocrx_word' id='word_1_269' title='bbox 511 4232 628 4305; x_wconf 61' lang='lat' dir='ltr'>aretae</span> <span class='ocrx_word' id='word_1_270' title='bbox 662 4230 698 4294; x_wconf 76' lang='grc' dir='ltr'><em>ὢν</em></span> <span class='ocrx_word' id='word_1_271' title='bbox 733 4232 895 4313; x_wconf 77' lang='grc' dir='ltr'><em>ε’πεΦήνεις</em></span> <span class='ocrx_word' id='word_1_272' title='bbox 928 4231 980 4295; x_wconf 88' lang='grc' dir='ltr'><em>καὶ</em></span> <span class='ocrx_word' id='word_1_273' title='bbox 1011 4230 1099 4309; x_wconf 79' lang='grc' dir='ltr'><em>ήμεὶς</em></span> <span class='ocrx_word' id='word_1_274' title='bbox 1122 4229 1174 4295; x_wconf 87' lang='grc' dir='ltr'><em>καὶ</em></span> <span class='ocrx_word' id='word_1_275' title='bbox 1197 4229 1331 4308; x_wconf 80' lang='grc' dir='ltr'><em>οἱβλοιβή</em></span> <span class='ocrx_word' id='word_1_276' title='bbox 1356 4229 1407 4294; x_wconf 87' lang='grc' dir='ltr'><em>καὶ</em></span> 
     </span>
     <span class='ocr_line' id='line_1_34' title="bbox 237 4344 1408 4426; baseline 0 -18"><span class='ocrx_word' id='word_1_277' title='bbox 237 4345 371 4425; x_wconf 78' lang='grc' dir='ltr'><em>οἱσφαλή</em></span> <span class='ocrx_word' id='word_1_278' title='bbox 403 4347 457 4421; x_wconf 91' lang='grc' dir='ltr'><em>τήν</em></span> <span class='ocrx_word' id='word_1_279' title='bbox 488 4345 631 4426; x_wconf 84' lang='grc' dir='ltr'><em>τιμωρὶαν</em></span> <span class='ocrx_word' id='word_1_280' title='bbox 668 4346 760 4426; x_wconf 90' lang='grc' dir='ltr'><em>παρ’</em></span> <span class='ocrx_word' id='word_1_281' title='bbox 796 4345 912 4410; x_wconf 75' lang='grc' dir='ltr'><em>αὐτοὶ</em></span> <span class='ocrx_word' id='word_1_282' title='bbox 946 4344 999 4409; x_wconf 74' lang='lat' dir='ltr'><em>reb</em></span> <span class='ocrx_word' id='word_1_283' title='bbox 1033 4345 1303 4423; x_wconf 77' lang='grc' dir='ltr'><em>ἀδικήματα</em></span> <span class='ocrx_word' id='word_1_284' title='bbox 1337 4345 1408 4408; x_wconf 87' lang='grc' dir='ltr'><em>έπε-</em></span> 
     </span>
     <span class='ocr_line' id='line_1_35' title="bbox 241 4460 399 4537; baseline 0.013 -13"><span class='ocrx_word' id='word_1_285' title='bbox 241 4460 399 4537; x_wconf 86' lang='grc' dir='ltr'><em>ποιήμεύ.</em></span> 
     </span>
    </p>
   </div>
   <div class='ocr_carea' id='block_1_5' title="bbox 0 0 1698 5212">
    <p class='ocr_par' dir='ltr' id='par_1_15' title="bbox 0 0 1698 5212">
     <span class='ocr_line' id='line_1_36' title="bbox 0 0 1698 5212; baseline 0 0"><span class='ocrx_word' id='word_1_286' title='bbox 0 0 1698 5212; x_wconf 95' lang='lat' dir='ltr'><em> </em></span> 
     </span>
    </p>
   </div>
  </div>
 </body>
</html>
