3378 5212
824 508 888 572 106

318 715 351 755 π.
377 699 432 766 τῆς
457 689 576 772 φύσεως
606 693 660 776 38,
694 695 747 776 23,
779 695 816 774 2;
849 695 903 776 69,
935 694 989 775 20,
1021 695 1040 757 3
1073 693 1152 777 (quo
1176 694 1351 776 posteriore
1373 694 1443 758 loco

272 806 444 889 opponitur
468 828 503 867 ιι.
527 811 583 879 τῆς
606 804 752 890 κρίσεως),

317 942 351 982 π.
376 922 428 982 τοῦ
451 919 557 999 κλήρου
580 920 634 1003 45,
658 921 712 1004 22,
736 922 774 1001 3;
798 940 869 1005 opp.
895 942 928 982 vr.
955 922 1007 983 τοῦ
1031 917 1186 1000 Καίσαρος.

314 1145 472 1212 Videmus
494 1147 594 1232 igitur
616 1148 712 1248 longe
735 1149 910 1211 maximam
931 1148 1054 1231 copiam
1067 1147 1292 1231 exemplorum
1304 1146 1440 1230 primam

270 1279 340 1325 esse
364 1279 478 1343 nempe
510 1279 841 1344 personarum,
865 1261 967 1324 multo
991 1261 1147 1324 minorem
1172 1279 1243 1325 esse
1267 1279 1438 1324 numerum

270 1375 490 1458 exemplorum
527 1392 610 1457 quae
644 1375 704 1439 sub
740 1375 846 1438 littera
881 1373 898 1437 b
933 1373 1149 1457 laudavimus,
1171 1393 1287 1457 nempe
1310 1375 1440 1437 nomina

270 1491 609 1568 conventuum,
642 1506 794 1551 rorum
830 1493 937 1552 autem
974 1487 1105 1550 nomina
1139 1505 1298 1571 perpauca
1328 1506 1440 1551 ossea

269 1601 503 1685 praepositione
528 1600 611 1680 παρὰ
635 1602 856 1685 pendentium,
878 1619 895 1665 e
920 1599 1040 1685 quibus
1060 1603 1165 1685 priora
1189 1599 1298 1685 (ψυχὴ
1313 1600 1438 1681 etru‘zn

269 1722 301 1780 et
323 1711 437 1798 Φύσις)
464 1716 558 1798 quasi
581 1733 736 1799 personae
760 1713 927 1796 habentur,
951 1719 1055 1778 cetera
1079 1721 1186 1780 autam
1211 1716 1439 1780 concinnitatis

268 1849 462 1894 causacum
486 1830 721 1912 praepositione
745 1828 830 1909 rape
853 1830 1026 1893 coniuncta
1049 1846 1119 1893 esse
1143 1828 1309 1911 videntur,
1331 1831 1387 1896 scd
1400 1830 1439 1895 de

268 1945 355 2008 hisce
377 1944 440 2007 iam
464 1944 567 2025 prima
591 1943 610 2024 ξ
630 1944 764 2026 egimus.
788 1941 883 2006 Nunc
906 1945 1044 2006 transire
1067 1941 1175 2007 licebit
1199 1942 1239 2006 ad

311 2058 386 2139 54,
417 2054 474 2120 ubi
498 2056 549 2119 de
571 2057 936 2140 praepositione
960 2055 1077 2135 ιιιιριὶ
1101 2075 1198 2120 cum
1221 2058 1437 2141 genitivo

267 2169 601 2235 substantivis
636 2170 799 2235 addita
833 2170 987 2234 dicemus.

310 2282 374 2346 Hic
409 2301 499 2368 usus,
531 2285 607 2348 inda
642 2284 682 2347 ab
717 2283 881 2348 Herodoto
916 2289 947 2348 et
976 2283 1164 2364 Thucydide
1187 2283 1438 2366 increbrescens,

265 2398 350 2481 apud
374 2395 520 2462 Cassium
545 2395 681 2462 Dionem
705 2398 987 2481 frequentissimus
1011 2405 1068 2478 est,
1091 2399 1136 2461 ite
1160 2402 1195 2460 ut
1217 2396 1283 2460 fere
1305 2416 1436 2481 praepo·

265 2513 338 2576 sitio
362 2531 598 2596 supervacanea
622 2531 692 2577 esse
714 2513 854 2596 incipiat,
876 2512 1011 2596 genitivi
1037 2513 1115 2575 meri
1141 2513 1210 2575 vice
1232 2510 1380 2594 fungens.

309 2624 357 2689 Ea
379 2626 565 2710 praesertim
590 2624 793 2706 substautiya
816 2645 889 2688 cum
915 2623 999 2703 ιιιιρὸι
1018 2643 1091 2687 cum
1115 2625 1258 2708 genitivo
1282 2626 1436 2710 coniungi

265 2739 370 2803 solent
415 2759 498 2824 quae
543 2739 714 2804 cohaerent
759 2758 832 2803 cum
871 2738 978 2803 verbis
1014 2737 1209 2823 quibuscum
1243 2742 1435 2823 praepositio

266 2851 351 2932 ιιιιρόι
385 2854 595 2936 coniungitur
619 2853 669 2917 val
694 2871 735 2916 cx
758 2852 917 2916 eiusmodi
943 2851 1048 2915 verbis
1072 2851 1216 2916 derivata
1240 2858 1326 2917 sunt.
1349 2852 1434 2918 Inte-

263 2985 354 3049 gram
389 2967 552 3030 notionem
584 2966 715 3029 localem
748 2970 855 3029 servat
889 2965 1090 3047 praepositio,
1124 2964 1179 3028 ubi
1216 2965 1349 3030 verbum
1383 2985 1435 3031 ve·

263 3080 373 3164 niandi
397 3080 448 3144 vel
471 3081 570 3144 eundi
594 3081 748 3144 omissum
775 3079 912 3142 videtur.
938 3077 1131 3161 Saepissime
1150 3081 1436 3164 Atticisoriptores

262 3194 338 3258 talia
361 3192 561 3278 usurpabant
584 3192 785 3258 substantiva
809 3192 897 3256 velut
922 3190 1063 3271 πρέσβεις
1086 3190 1171 3271 crepet
1190 3214 1277 3266 τινες,
1290 3190 1433 3271 ἄγγελος,

264 3305 421 3387 πρεσβεία,
455 3307 616 3387 χρήματα,
650 3305 752 3383 μισθὸς
786 3307 911 3370 similia.
947 3304 1064 3370 Noster
1097 3324 1226 3389 quoque
1249 3307 1434 3373 huiusmodi

262 3420 392 3504 praebet
416 3421 581 3504 exempla:

307 3536 360 3619 68,
386 3536 438 3618 10,
464 3536 499 3598 l:
525 3535 549 3598 oi
573 3532 658 3614 παρὰ
681 3538 733 3597 τοῦ
755 3531 934 3611 beardaneu
960 3532 1181 3613 πρέσβεις
1203 3533 1277 3617 (ubi
1297 3535 1431 3599 verbum

262 3647 453 3726 πεπεμμέιει
477 3648 527 3712 vel
550 3645 717 3727 ἀφιγμένοι
744 3652 850 3710 mente
874 3646 1088 3730 supplendum
1117 3646 1267 3730 videtur),
1287 3649 1340 3730 67,
1354 3650 1431 3732 t,3:

262 3760 422 3826 ἐπέστειλε
457 3761 683 3841 (Domitianus)
715 3758 785 3839 πρὸς
816 3760 870 3834 τήν
894 3758 1009 3836 Ῥώμην
1033 3758 1074 3822 τά
1098 3781 1131 3822 τε
1155 3756 1242 3823 ἄλλοι
1265 3758 1317 3824 uui
1341 3759 1431 3841 πρέσ-

262 3875 327 3953 βεις
347 3874 432 3956 παρὰ
445 3879 496 3940 τοῦ
511 3872 691 3952 Δεκεβιὶλευ
705 3873 866 3947 ἐπιστολήν
879 3897 931 3936 τε.
946 3919 952 3935 .
969 3922 975 3936 .
991 3923 997 3937 .
1013 3871 1214 3956 Quamquam
1228 3875 1280 3938 hic
1292 3877 1432 3941 omissus

261 3996 310 4056 est
333 3992 499 4072 articulus,
522 3997 629 4054 tamen
654 3989 845 4071 praepositio
871 3986 954 4067 ιιιιριὶ
978 3994 1065 4051 arcta
1088 3988 1236 4052 cohaeret
1258 4008 1331 4052 cum
1357 3989 1432 4054 snb·

261 4105 401 4167 stantivo
426 4102 578 4184 πρέσβεις,
603 4103 689 4187 quod
712 4102 797 4165 idem
822 4100 908 4165 valet
931 4101 1061 4165 deloco
1081 4107 1237 4184 sequente
1258 4102 1430 4186 65,18,3:

261 4217 316 4290 τὴν
339 4216 453 4295 βουλὴν
476 4216 655 4308 συιιιγιιγιῖιιι
679 4213 822 4294 πρέσβεις
843 4214 913 4294 παρ’
938 4215 1036 4278 αὐτῶν
1056 4213 1139 4292 μετὰ
1160 4217 1217 4278 τῶι
1236 4215 1432 4296 ιὶειπιιρθένωι

261 4329 332 4411 πρὸς
366 4331 415 4395 τὸν
451 4328 606 4411 Κερεάλιον
641 4327 780 4407 ἔπεμψεν
814 4327 955 4411 (Tacitus
990 4329 1029 4391 de
1063 4328 1173 4392 eadem
1208 4348 1308 4413 agens
1339 4333 1429 4394 rein

259 4443 379 4510 Hister.
405 4444 486 4509 libro
510 4443 568 4508 111.
591 4463 658 4527 cap.
684 4443 726 4506 80
747 4443 824 4506 haec
844 4440 955 4506 habet:
977 4446 1090 4506 vocato
1110 4447 1223 4506 senatu
1245 4442 1431 4528 deliguntur
