3378 5212
852 512 916 576 106

346 719 379 758 π.
405 703 460 770 τῆς
484 693 603 776 φύσεως
634 697 687 780 38,
722 698 775 780 23,
806 698 844 778 2;
877 699 930 780 69,
963 699 1017 780 20,
1049 699 1068 761 3
1101 697 1180 781 (quo
1205 698 1379 780 posteriore
1401 698 1470 762 loco

300 810 472 893 opponitur
496 832 530 871 π.
555 815 610 882 τῆς
634 808 780 894 κρίσεως),

344 945 379 985 π.
403 926 455 986 τοῦ
478 922 585 1003 κλήρου
608 924 662 1008 45,
686 925 740 1007 22,
764 926 802 1005 33
826 943 897 1009 opp.
923 946 956 986 vr.
983 927 1035 987 τοῦ
1059 922 1214 1004 Καίσαρος.

342 1149 500 1215 Videmus
522 1152 622 1236 igitur
644 1151 740 1252 lopge
764 1153 937 1216 maximam
959 1152 1081 1235 copiam
1095 1152 1319 1235 exemplorum
1333 1151 1468 1235 primam

297 1283 368 1329 esse
391 1282 507 1348 nempe
537 1283 767 1348 personae
782 1284 804 1327 u
817 1284 869 1347 m,
894 1265 995 1328 multo
1020 1265 1175 1328 minorem
1200 1284 1271 1330 esse
1295 1283 1466 1329 numerum

298 1379 518 1461 exemplorum
555 1396 638 1460 quae
671 1378 732 1443 sub
768 1379 874 1442 littera
909 1377 926 1441 b
961 1379 1176 1461 laudavimus,
1199 1397 1315 1462 nempe
1338 1379 1469 1442 nomina

296 1495 637 1572 conventuum,
670 1511 822 1556 rerum
858 1497 965 1556 autem
1001 1492 1133 1555 nomina
1167 1510 1326 1575 perpauca
1357 1510 1469 1556 essea

297 1605 531 1689 praepositione
555 1603 640 1685 παρὰ
662 1605 883 1688 pendentium,
906 1624 923 1670 e
948 1605 1067 1689 quibus
1087 1608 1193 1688 priora
1217 1603 1327 1689 (ψυχὴ
1341 1605 1466 1686 θῒτύχιι

297 1725 330 1784 et
351 1716 465 1804 Φύσις)
493 1720 586 1802 quasi
609 1738 764 1803 personae
787 1718 955 1801 habentur,
979 1726 1083 1784 cetera
1107 1724 1215 1783 autem
1240 1720 1468 1784 concinnitatis

296 1853 393 1898 causa
417 1853 490 1898 curn
514 1835 749 1918 praepositione
773 1832 857 1914 capla
881 1834 1053 1898 coniuncta
1076 1851 1147 1898 esse
1171 1834 1338 1915 videntur3
1360 1835 1468 1900 sedda

295 1949 383 2012 hisce
405 1948 468 2011 iarn
491 1948 595 2031 prima
618 1948 638 2028 ᾖ
659 1949 792 2030 egimus.
816 1945 911 2010 Nunc
934 1950 1072 2011 transire
1095 1946 1203 2012 licebit
1227 1947 1266 2010 ad

339 2062 414 2144 §ct
445 2059 502 2124 ubi
525 2060 576 2124 de
599 2061 964 2144 praepositione
988 2061 1105 2140 aare
1128 2080 1225 2125 cum
1249 2063 1455 2146 genitivi

295 2173 629 2239 substantivis
664 2174 827 2239 addita
861 2174 1015 2238 dicemus.

338 2286 402 2351 Hic
436 2305 525 2370 usus,
559 2289 635 2354 inde
670 2288 709 2352 ab
745 2287 908 2352 Herodoto
943 2293 974 2352 et
1004 2287 1192 2368 Thucydide
1215 2287 1449 2354 increbrescem

293 2402 378 2485 apud
402 2400 548 2465 Cassium
573 2400 708 2467 Dionem
733 2403 1015 2487 frequentissimus
1039 2408 1096 2482 est,
1119 2404 1164 2465 ita
1187 2407 1222 2466 ut
1245 2401 1310 2465 fere
1333 2422 1430 2486 praep

293 2518 366 2579 sitio
390 2535 626 2600 supervacanea
650 2536 720 2582 esse
743 2518 882 2600 incipiat,
904 2517 1039 2601 genitivi
1065 2517 1143 2579 meri
1169 2517 1237 2580 vice
1259 2515 1410 2598 fungens.

337 2629 384 2693 Ea
407 2631 593 2715 praesertim
618 2629 821 2710 substantiva
844 2649 916 2692 oum
943 2628 1026 2708 παρὰ
1046 2648 1119 2692 cum
1143 2629 1285 2712 genitivo
1309 2632 1418 2693 conius

293 2743 397 2808 solent
443 2763 526 2828 quae
571 2744 742 2808 cohaerent
786 2763 860 2807 oum
899 2743 1006 2807 verbis
1041 2741 1236 2826 quibuscum
1272 2749 1418 2828 praeposi

294 2855 378 2935 capot
413 2858 623 2941 coniungitur
647 2857 697 2919 vel
721 2875 763 2920 ex
786 2856 946 2920 eiusmodi
970 2855 1076 2920 verbis
1100 2855 1243 2920 derivata
1267 2864 1355 2922 sunt.
1380 2859 1395 2920 l

290 2989 381 3053 gram
417 2971 580 3034 notionem
611 2970 743 3034 localem
775 2974 883 3034 servat
917 2969 1117 3052 praepositio,
1152 2967 1207 3032 ubi
1242 2969 1378 3035 verbum

291 3085 402 3168 niendi
424 3084 476 3148 vel
499 3085 598 3148 cundi
622 3085 776 3148 omissum
802 3083 940 3147 videtur.
965 3081 1159 3166 Saepissime
1178 3085 1280 3147 Attici
1292 3087 1391 3169 script

291 3198 365 3262 talia
389 3197 588 3282 usurpabant
611 3196 813 3262 substantiva
837 3196 925 3260 velut
949 3194 1090 3276 πρέσβεις
1114 3193 1198 3276 rapat
1217 3220 1304 3270 τινος,
1317 3195 1384 3276 cipp

292 3309 448 3391 πρεσβεία,
482 3311 644 3392 χρήματα,
678 3310 779 3388 μισθὸς
813 3311 939 3374 similia.
974 3309 1091 3374 Noster
1124 3329 1254 3394 quoque
1277 3312 1385 3376 huius·

290 3425 421 3509 praebet
444 3426 608 3509 exempla:

335 3541 388 3622 68,
414 3541 465 3623 10,
491 3541 527 3603 l:
552 3539 577 3603 οἱ
601 3537 685 3618 capri
708 3541 760 3602 τοῦ
782 3535 962 3615 Δεκεβοὶλου
987 3536 1209 3618 πρέσβεις
1231 3538 1304 3622 (ubi
1325 3561 1374 3604 ve·

290 3651 480 3730 πεπεμμέιοι
506 3652 555 3717 vel
578 3650 744 3731 ἀφιγμένοι
772 3657 877 3715 mente
902 3651 1116 3734 supplendum
1145 3651 1294 3735 videtur),
1315 3653 1368 3731 67,

289 3765 450 3830 ἐπέστειλε
485 3764 710 3845 (Domitianus)
742 3763 812 3844 πρὸς
843 3764 897 3838 τήν
921 3763 1036 3841 Ῥώμην
1060 3762 1101 3827 cri
1126 3786 1159 3826 τε
1182 3761 1269 3828 ἄλλοι
1292 3764 1344 3828 καὶ

290 3879 354 3956 βεις
375 3878 459 3960 παρὰ
473 3883 524 3943 τοῦ
539 3876 719 3956 Δεκεβιὶλου
732 3878 894 3951 ἐπιστολήν
906 3902 958 3941 τε.
973 3925 979 3939 .
996 3927 1003 3941 .
1018 3928 1025 3941 .
1040 3875 1241 3961 Quamquam
1256 3880 1307 3941 hic
1321 3901 1349 3942 or

289 3999 338 4059 est
361 3996 527 4077 articulus,
550 4000 657 4058 tamen
682 3993 873 4076 praepositio
898 3991 981 4072 capla
1006 3999 1092 4057 arcte
1115 3993 1263 4057 cohaeret
1285 4014 1346 4056 cur·

289 4109 428 4171 stantivo
454 4107 606 4187 optatior,
630 4107 715 4190 quod
739 4107 824 4170 idem
850 4106 935 4171 valet
958 4106 1088 4169 deloco
1109 4112 1264 4189 sequente
1285 4109 1338 4190 65,

289 4221 343 4294 τὴν
367 4220 480 4299 βουλὴν
504 4221 682 4312 συναγαγῲν
707 4218 850 4299 πρέσβεις
870 4218 941 4298 παρ’
965 4219 1063 4283 αὐτῶν
1083 4218 1167 4296 μετὰ
1187 4223 1244 4283 τῶν
1263 4221 1329 4282 ἄεις,

289 4334 359 4414 πρὸς
394 4335 443 4398 τὸν
479 4331 634 4414 Κερεάλιον
669 4331 808 4411 ἔπεμψεν
841 4331 983 4417 (Tacitus
1017 4333 1056 4397 de
1090 4333 1200 4397 eadem
1236 4353 1327 4416 agen:

287 4447 407 4514 Hister.
432 4448 514 4513 libro
538 4447 596 4512 III.
619 4467 685 4531 cap.
711 4447 753 4510 80
774 4446 851 4510 haec
871 4444 982 4510 habet:
1006 4450 1117 4510 vocato
1137 4453 1250 4511 senatu
1273 4448 1319 4509 dc'

1116 4782 1248 4871 A
