3378 5212
827 542 891 606 140

271 753 290 797 a
314 733 440 817 vulgari
464 731 698 817 significatione
721 731 877 810 declinat3
903 731 1169 815 significationem
1195 732 1281 794 enim
1304 731 1446 812 „ratione

271 845 380 909 habita
414 842 482 909 rei”
515 845 621 909 inesse
656 849 789 928 oportet.
826 842 928 919 Quam
960 843 1228 928 significationem
1254 843 1293 907 de
1319 845 1446 925 „causis

271 957 506 1044 praesentibus,
538 956 788 1023 comitantibus'’
821 957 978 1023 habemus
1010 959 1062 1040 59,
1097 960 1125 1040 1,
1151 959 1188 1038 33
1215 958 1268 1039 58,
1294 958 1382 1040 7,2;
1407 957 1446 1021 de

271 1092 369 1137 eausa
403 1073 532 1156 longius
566 1077 688 1136 remota
724 1072 777 1154 50,
817 1074 868 1154 19,
903 1072 930 1135 1.
963 1071 1080 1156 Itaque
1103 1074 1130 1135 si
1155 1070 1253 1136 verba
1276 1071 1446 1156 fragmenti

271 1187 358 1268 (107,
393 1186 422 1266 1)
457 1208 490 1248 τ.
523 1185 577 1260 τὴν
601 1189 653 1249 τοῦ
678 1185 792 1266 πατρὸς
815 1183 976 1262 ἡγεμονίαν
1000 1191 1144 1269 spectant
1167 1186 1276 1249 ecdem
1303 1205 1339 1248 ac
1362 1183 1446 1248 Livii

272 1300 371 1365 verba
405 1298 500 1383 (Epit.
533 1300 586 1377 76)
621 1299 660 1364 da
690 1301 884 1383 proconsule
914 1299 970 1364 On.
993 1298 1148 1384 Pompeio
1171 1298 1328 1364 Strabone
1351 1317 1447 1381 quem

272 1416 494 1500 magistratum
528 1418 617 1497 pater
652 1411 797 1497 Pompeii
832 1413 937 1478 tribus
971 1419 1046 1478 ante
1080 1414 1175 1477 annis
1207 1419 1359 1497 gesserat,
1390 1414 1448 1475 rix

272 1530 332 1594 erit
366 1547 464 1592 causa
495 1546 554 1590 eur
584 1527 778 1591 locutionem
804 1550 839 1590 τ.
864 1527 918 1602 τὴν
942 1531 994 1591 τοῦ
1020 1525 1131 1606 πατρὸς
1153 1525 1312 1604 ἡγεμονίαν
1335 1528 1446 1590 reicia-

273 1661 354 1706 mus.
385 1640 577 1705 Praesertim
609 1643 637 1705 si
668 1645 856 1725 reputemus
887 1646 1008 1725 quanta
1034 1642 1068 1704 in
1092 1642 1337 1724 praepositionis
1362 1637 1447 1719 παρὰ

272 1777 336 1821 usu
378 1756 500 1819 causali
542 1754 705 1838 ampliatio
746 1756 832 1839 apud
873 1753 1046 1837 Polybium
1081 1754 1227 1837 aliosque
1261 1754 1448 1818 recentioris

273 1870 386 1934 aetatis
427 1873 576 1933 auctores
617 1867 700 1932 facta
743 1869 793 1951 sit,
837 1868 943 1933 dicere
985 1887 1044 1932 nos
1088 1866 1161 1932 licet
1204 1866 1285 1931 nihil
1321 1866 1448 1931 obstare

274 1985 450 2066 quominus
502 1982 770 2066 praepositionem
818 1981 904 2062 rard
949 1982 1004 2065 (ad
1049 2001 1180 2046 oausam
1227 1982 1447 2065 indicandam)

272 2096 458 2161 adiunxerit
492 2093 555 2158 Dio
591 2094 689 2159 verbo
712 2092 861 2175 νὶθροίζειν.
887 2093 1091 2179 Quamquam
1113 2097 1212 2180 igitur
1230 2095 1324 2160 facile
1347 2096 1448 2179 expli·

272 2215 363 2274 catur
397 2209 552 2273 correctio
586 2207 766 2272 Relslriana·
794 2208 894 2293 (ταρνὶ
928 2210 1015 2273 enim
1047 2208 1248 2296 aberratione
1278 2209 1446 2272 oculorum

272 2322 515 2388 transcribentis
549 2322 590 2385 ad
624 2322 820 2388 vocabulum
858 2319 941 2402 ταρὰ
973 2322 1070 2407 paulo
1094 2328 1168 2387 ante
1192 2325 1347 2407 scriptum
1371 2325 1448 2387 oriri

272 2439 401 2523 potuit),
423 2456 464 2502 ex
482 2437 524 2500 iis
537 2456 619 2520 quae
643 2436 786 2502 diximus
805 2439 953 2521 sequitur
974 2442 1009 2501 ut
1029 2457 1094 2501 nen
1107 2439 1288 2502 necessaria
1300 2436 1448 2501 videatur

273 2553 417 2617 mutatio.

319 2777 338 2859 ᾖ
363 2778 391 2839 6.
414 2775 465 2839 Ex
482 2775 581 2840 locali
604 2773 838 2859 significatione
860 2775 1106 2859 praepositionis
1132 2774 1215 2854 παρα
1238 2774 1358 2859 (iuxta)
1381 2776 1446 2838 iam

275 2892 455 2975 antiquitus
496 2893 570 2952 nata
604 2894 671 2953 erat
706 2889 794 2952 notio
836 2888 1142 2972 comparandi
1186 2889 1225 2952 de
1260 2909 1323 2972 qua
1360 2908 1448 2953 nuuc

275 3005 446 3068 dicendum
482 3009 538 3066 est.
577 3000 648 3077 Qua
690 3003 820 3066 notione
855 3003 901 3066 610
935 3004 1128 3086 plerumque
1158 3003 1209 3066 usi
1234 3010 1323 3066 erant
1348 3004 1448 3085 scrip-

274 3126 358 3184 tores
381 3117 517 3201 antiqui,
540 3121 577 3180 ut
601 3117 669 3180 sive
692 3114 826 3179 verbum
851 3116 1058 3200 comparandi
1077 3116 1242 3181 iudicandi
1263 3116 1449 3199 inquirendi

274 3232 427 3296 adderent
461 3228 604 3314 (radebat,
640 3227 867 3309 παραβάλλειν,
904 3231 1023 3310 θεωρεῖν,
1060 3229 1240 3309 σκέψασθαι,
1275 3210 1446 3315 ἐξετάζειν)

275 3348 344 3410 6116
373 3344 464 3409 nullo
486 3343 646 3408 eiusmodi
670 3342 768 3407 verbo
790 3343 898 3407 addito
921 3345 1188 3428 praepositionem
1214 3343 1299 3424 παρα
1322 3363 1449 3427 compa·

274 3461 376 3524 rativa
399 3459 433 3520 vi
455 3458 633 3542 praeditam
660 3461 864 3540 usurparent.
888 3456 981 3521 Prior
1003 3458 1057 3522 ille
1081 3478 1162 3522 usus
1186 3495 1222 3504 -
1252 3458 1338 3541 quod
1358 3460 1446 3521 casui

275 3572 443 3637 tribuerim
480 3609 519 3618 -
547 3570 719 3634 admodum
746 3589 838 3634 rarus
861 3575 910 3634 est
932 3571 966 3633 in
991 3570 1081 3634 libris
1104 3568 1229 3651 Dionis,
1253 3574 1331 3654 quin
1357 3590 1448 3654 pror-

275 3706 331 3751 sus
367 3686 491 3751 deesset
525 3685 588 3748 nisi
618 3683 787 3748 Beklrerus
820 3689 938 3748 rectam
974 3684 1143 3747 lectionem
1164 3686 1367 3766 restituisset,
1392 3686 1449 3768 qui

276 3799 344 3881 50,
365 3801 418 3882 22,
453 3801 473 3862 2
508 3817 565 3882 pro
600 3797 747 3860 codicum
778 3796 914 3861 lectione
937 3795 1148 3874 ἐνθυμηθέντας
1171 3799 1311 3862 correxit
1335 3796 1447 3870 θέντας.

279 3910 431 3996 „Oportet
465 3910 553 3992 vos’'‚
587 3913 632 3975 ita
666 3915 777 3975 nostro
810 3911 881 3974 loco
914 3911 1078 3975 Antonius
1112 3911 1289 3995 alloquitur
1324 3912 1450 3994 milites,

278 4025 377 4107 „haec
399 4043 473 4088 cum
497 4024 614 4088 animis
639 4025 754 4088 vestris
777 4029 962 4108 reputantes
975 4022 1229 4109 (ἐνθυμηθέντας)
1242 4026 1449 4109 periculaque

276 4156 312 4202 ac
337 4155 410 4221 spes
434 4156 601 4222 exaequo
625 4137 777 4201 omnibus
801 4156 872 4202 esse
895 4136 1074 4220 arbitratos,
1098 4140 1187 4201 omni
1211 4144 1327 4202 conatu
1351 4137 1449 4203 rebus

276 4250 502 4316 communibus
527 4252 677 4336 opitulari
700 4253 934 4335 propansisque
957 4253 1073 4315 animis
1097 4251 1265 4316 nobiscum
1287 4252 1451 4318 elaborare

277 4362 491 4442 ἐνθυμηθέντας
524 4362 586 4451 (lta
621 4361 729 4449 codd.)
764 4365 836 4445 παρ’
869 4361 999 4435 ἄλληλα
1030 4362 1081 4428 καὶ
1105 4361 1126 4428 ἃ
1150 4364 1325 4444 τείσομεθα,
1351 4362 1449 4447 ὥσπερ

277 4475 369 4552 εἶτον,
405 4478 592 4554 ἡττηθέντες,
627 4478 679 4542 καὶ
715 4473 750 4540 ὧν
782 4475 950 4556 τευξόμεθα
975 4480 1188 4558 κρατήσαντες.
1214 4479 1277 4544 Pro
1301 4480 1449 4544 codicum
