3378 5222
820 547 863 609 33

256 751 386 816 quoque
418 734 551 817 ingenio
583 751 689 798 sermo
720 735 789 815 est),
822 732 1019 816 quibuscum
1050 731 1196 797 conferas
1220 731 1429 796 Plutarchum

255 843 345 923 (Mor.
369 847 411 907 46
432 845 487 926 Et:
514 846 548 910 τὸ
571 845 717 910 αἰδεῖσθαι
742 870 776 909 π.
802 852 858 919 τῆς
882 845 1002 927 Φύσεως
1026 844 1115 924 ἔχων.

298 957 419 1023 Eodem
443 960 538 1024 modo
563 979 627 1044 quo
652 961 703 1042 38,
728 961 779 1040 23,
804 962 823 1021 2
847 961 988 1024 occurrit
1009 983 1043 1022 σ.
1064 964 1120 1032 τῆς
1141 957 1261 1040 φύσεως
1274 958 1325 1040 69,
1338 957 1389 1039 20,
1401 959 1431 1040 3,

255 1072 312 1137 ubi
334 1078 441 1137 tumen
466 1075 614 1156 sequitur
637 1072 722 1154 παρά
745 1081 800 1148 τῆς
824 1072 943 1153 κρίσεως
966 1075 1147 1158 oppositum
1173 1073 1216 1152 τῷ
1237 1095 1272 1135 rr.
1292 1079 1347 1146 τῆς
1367 1069 1429 1152 φθ-

255 1210 335 1258 σεως.
359 1185 421 1250 Ηὶο
444 1206 574 1270 quoqne
598 1185 734 1251 Dionem
760 1186 799 1250 de
822 1187 983 1250 industria
1006 1188 1052 1250 ita
1076 1187 1243 1270 scripsisse
1266 1185 1429 1264 concinni·

254 1301 328 1363 tatis
351 1318 449 1364 causa
472 1318 573 1364 nemo·
591 1319 656 1364 non
680 1300 769 1364 ridet
792 1306 958 1384 perspecta
980 1306 1046 1364 tota
1070 1301 1246 1365 sententia:

298 1407 375 1477 ἀστε
397 1435 433 1476 rr.
463 1413 543 1489 μὲν
573 1422 652 1488 τῆς
676 1412 853 1495 Φύσεως
877 1410 1027 1494 ἀνάοσνρον
1051 1411 1103 1477 καί
1127 1411 1248 1494 ἀφρονα
1273 1410 1430 1483 πολλάκις

255 1523 392 1589 θίδοσθαί
424 1549 492 1599 τινι,
529 1549 563 1589 π.
601 1526 643 1590 δὲ
679 1534 758 1601 τῆς
793 1525 979 1606 κρίσεως
1013 1525 1065 1590 καί
1088 1526 1241 1606 ἀρτιμελῆ
1265 1523 1318 1588 καί
1344 1522 1428 1604 ἀρτί-

256 1663 318 1704 νονν
342 1637 465 1712 πάνσως
487 1640 639 1720 αἱρεῖσθαι.

299 1753 391 1817 Idem
423 1752 488 1817 fere
518 1754 604 1818 valet
636 1753 675 1818 de
698 1752 805 1818 verbis
828 1773 913 1837 quae
935 1753 1074 1838 legimns
1097 1755 1151 1836 45,
1174 1755 1225 1835 22,
1249 1753 1286 1816 3:
1311 1751 1369 1824 τὰς
1394 1775 1428 1814 π.

255 1869 307 1929 τοῦ
341 1864 490 1947 Καίσαρος
523 1863 539 1939 ἢ
571 1864 624 1930 καὶ
655 1869 708 1930 τοῦ
732 1864 839 1946 κλήρου
863 1865 994 1939 δοθείσας
1019 1865 1181 1944 ἡγεμονίας
1204 1865 1431 1950 (praefecturas

255 1999 274 2044 a
308 1978 442 2045 Caesare
476 1980 527 2044 rel
565 1985 651 2044 sorte
686 1981 893 2064 assignatas);
930 1981 981 2044 hic
1016 1981 1101 2044 enim
1136 1980 1271 2045 verbum
1297 1978 1430 2044 δίδοσθαι

256 2094 343 2177 quod
374 2094 552 2158 rectissime
582 2112 657 2157 cum
689 2111 845 2177 personae
868 2092 1036 2176 (Caesaris)
1059 2095 1191 2158 nomine
1214 2094 1432 2178 coniungitur,

256 2207 530 2292 breviloquentiae
560 2205 729 2270 cuiusdam
759 2206 809 2270 vel
833 2208 1060 2273 concinnitatis
1084 2227 1281 2273 causacum
1305 2225 1340 2271 re
1362 2207 1430 2271 ina·

255 2321 342 2385 nima
364 2323 491 2402 (κλῆρος)
514 2323 724 2385 coniunctum
748 2339 819 2386 esse
843 2320 978 2385 videtur.

299 2435 366 2499 Iam
390 2437 538 2519 sequitur
562 2435 613 2517 66,
639 2435 667 2516 l,
693 2435 729 2498 3:
756 2434 828 2514 παρ’
852 2432 996 2515 ὀνείρατος
1019 2433 1127 2512 ἔμαθεν
1147 2431 1192 2499 θτν
1207 2483 1216 2501 .
1303 2432 1429 2499 Μανθά-

255 2571 311 2612 νεα
342 2572 373 2612 τι
403 2545 486 2629 σαρά
508 2571 586 2621 τινος
609 2550 738 2633 saepius
762 2549 849 2633 apud
871 2547 1008 2614 Dionem
1034 2525 1173 2614 occurrit
1196 2548 1431 2633 significatione

257 2664 429 2746 „audiendi
463 2663 546 2748 alqd.
582 2663 623 2727 ab
656 2661 797 2746 ali'quo''.
832 2661 950 2738 Nostro
983 2668 1089 2728 autem
1111 2663 1182 2727 loco
1206 2682 1281 2727 cum
1304 2682 1339 2727 re
1362 2665 1430 2727 ina-

257 2779 341 2842 nima
363 2778 535 2842 coniuncta
559 2780 700 2842 occurrit
723 2779 925 2862 praepositio,
946 2777 1032 2861 quod
1052 2779 1098 2842 ita
1110 2777 1188 2840 mihi
1201 2776 1428 2861 explicandum

259 2892 390 2973 ridetur,
424 2893 531 2956 inesse
566 2893 728 2956 notionem
765 2891 926 2975 quandam
963 2910 1118 2994 personpe
1149 2891 1200 2956 rel
1223 2890 1274 2955 dei
1298 2889 1432 2972 somnii,

259 3007 312 3086 qui
335 3006 463 3088 saepius
488 3005 675 3069 hominibus
698 3007 732 3068 in
758 3023 871 3070 somno
896 3023 932 3070 se
955 3005 1054 3069 offert.

301 3115 431 3184 Pssum
443 3119 591 3183 nonnulli
603 3119 675 3200 loci,
684 3118 803 3203 quibus
815 3137 971 3203 personae
982 3118 1069 3183 fictio
1082 3119 1236 3203 paulatim
1249 3119 1428 3182 evanescit:

306 3233 355 3312 66,
376 3234 405 3314 8,
429 3234 465 3295 4:
499 3231 542 3296 σά
570 3255 604 3295 rr.
629 3235 687 3295 σῶν
710 3230 803 3309 νόμον
826 3227 918 3305 ἀθλα,
944 3251 1028 3316 quae
1050 3235 1192 3317 praemia
1216 3236 1323 3296 autem
1347 3232 1432 3296 sicut

258 3347 397 3429 alioqum
432 3367 451 3410 a
483 3365 621 3430 persona
656 3350 891 3429 proponuntur,
926 3353 1037 3411 nostro
1073 3347 1144 3411 loco
1178 3345 1306 3430 legibus
1338 3347 1431 3430 quasi

259 3461 398 3544 personis
421 3462 454 3524 in
480 3460 585 3525 medio
609 3461 714 3544 posita
739 3459 898 3524 videntur.

304 3574 355 3655 39,
381 3573 427 3654 66,
452 3576 488 3638 6ε
514 3581 570 3648 τῆς
593 3571 773 3654 ἀσφαλείας
796 3569 882 3637 ’ἕνεκα
906 3581 963 3648 τῆς
989 3596 1024 3637 π.
1049 3577 1102 3638 τοῦ
1126 3573 1244 3654 χωρίον.

302 3686 438 3771 Fingere
467 3707 643 3773 possumus
677 3707 857 3771 personam,
891 3707 910 3751 a
945 3707 1010 3771 qua
1039 3688 1234 3772 praesidium
1268 3688 1429 3772 quoddam

258 3800 437 3884 praebetur,
455 3805 499 3867 ita
524 3809 559 3866 ut
582 3821 687 3866 sermo
711 3804 754 3866 sit
777 3802 817 3866 de
840 3799 1005 3884 ἀσφαλείᾳ
1030 3799 1114 3881 σαρά
1133 3824 1220 3874 τινος,
1234 3821 1330 3886 quam
1343 3803 1431 3866 locu-

257 3916 378 3979 tionem
402 3917 483 3998 eput
507 3922 656 3979 nostrum
679 3917 867 3979 invenimus
891 3916 943 3996 41,
968 3917 1019 3996 26,
1045 3918 1063 3976 2
1086 3913 1294 3993 (συγκαλέσας
1306 3913 1432 3987 ἐκείνους

260 4035 319 4102 τῆς
346 4051 381 4090 rr.
412 4027 505 4092 αθσθν
532 4028 710 4110 ἀσφαλείας
732 4025 819 4092 ἕνεκα
843 4032 1029 4094 convocatis
1053 4029 1118 4093 illis
1142 4034 1178 4092 ut
1202 4047 1315 4093 eorum
1340 4047 1429 4113 prae·

258 4143 340 4206 sidio
376 4141 427 4206 rel
460 4146 563 4225 potius
598 4143 758 4226 praesidio
792 4143 879 4226 quod
911 4144 959 4206 illi
983 4143 1170 4226 praeberent
1194 4143 1295 4207 tutior
1318 4148 1430 4223 esset);

260 4263 369 4319 nostro
393 4261 499 4320 autem
518 4258 587 4321 loco
611 4259 699 4341 regio
723 4258 880 4341 quaedam
906 4257 956 4321 vel
979 4257 1069 4320 locus
1094 4256 1224 4340 quidam
1247 4258 1339 4340 quasi
1361 4275 1431 4340 per·

259 4389 339 4433 sona
362 4372 510 4451 occurrit,
529 4391 612 4456 quae
634 4371 830 4456 praesidium
855 4372 1041 4454 imperatori
1063 4370 1133 4434 fert.

307 4485 358 4565 64,
399 4485 435 4547 1:
472 4485 550 4561 μετά
584 4493 641 4560 τῆς
676 4508 711 4548 rr.
744 4487 802 4548 τῶν
824 4481 926 4549 ὅπλων
949 4480 1095 4558 ἐξουσίας,
1121 4502 1260 4568 quocum
1285 4483 1431 4548 conferes
