3400 5212
862 539 906 602 86

301 728 398 794 verbo
440 725 631 792 πυνθάνεσθαι
677 728 829 792 audiendi
874 747 972 792 sensu
1014 747 1190 812 usurpasse
1230 728 1329 793 verba
1361 727 1477 794 ἀκούειν

301 847 399 926 atque
421 839 583 914 μανθάνειν.

344 956 418 1021 Non
452 958 565 1040 ignoro
588 956 674 1039 apud
698 956 843 1020 diversos
865 956 1036 1039 scriptores
1058 957 1187 1040 saepius
1209 975 1379 1021 occurrere
1403 977 1475 1022 ver-

300 1070 378 1134 bum
414 1067 607 1134 πυνθάνεσθαι
640 1070 848 1133 ooninnotum
880 1088 954 1132 oum
989 1067 1282 1152 praepositionibus
1316 1071 1350 1133 εἰι
1381 1071 1420 1152 (e
1444 1093 1475 1156 g.

300 1182 395 1248 Hom.
429 1183 462 1246 Y
487 1186 562 1260 129)
586 1185 636 1248 vel
660 1182 724 1247 οἰπὸ
748 1185 788 1263 (e.
811 1203 841 1267 g.
865 1183 981 1247 Aesoh.
1004 1182 1080 1247 Oho.
1106 1185 1181 1266 736)
1206 1183 1259 1246 vel
1282 1186 1379 1248 etiam
1404 1184 1477 1264 πρὸς

301 1297 398 1381 (opud
420 1296 621 1362 Herodotum
646 1299 677 1378 9,
700 1297 775 1380 58),
799 1296 985 1380 frequenter
997 1316 1128 1380 quoqne
1140 1299 1411 1382 praepositionem
1425 1298 1475 1362 διὰ

300 1410 474 1476 adhibitam
499 1429 569 1475 esse
592 1411 632 1474 ad
655 1409 883 1494 significandas
905 1429 1060 1492 personas
1083 1429 1159 1494 per
1181 1431 1263 1494 quas
1287 1413 1361 1495 quis
1384 1413 1477 1476 ondit

301 1525 423 1609 aliquid
454 1525 524 1590 sive
547 1525 586 1589 de
609 1525 718 1609 ulique
740 1543 793 1602 re;
818 1524 994 1607 simplicem
1019 1543 1151 1608 quoque
1171 1527 1351 1609 genitivum
1374 1527 1476 1590 semel

300 1640 486 1722 iterumque
519 1638 659 1702 inveniri
696 1638 734 1716 (e.
767 1658 798 1720 g.
834 1635 953 1700 Herod.
992 1638 1021 1718 1,
1057 1637 1137 1717 123;
1163 1637 1282 1701 Aeson.
1304 1641 1365 1723 Ag.
1390 1641 1474 1721 599,

301 1751 396 1835 Soph.
431 1750 507 1816 Oed.
541 1751 578 1815 R
614 1753 695 1831 333,
732 1750 895 1833 Aristoph.
929 1749 1226 1830 Ren.1417;nv.
1253 1753 1357 1832 1120;
1381 1753 1475 1818 Plato

301 1887 373 1949 pag.
409 1866 473 1930 328
508 1865 552 1944 Ε,
587 1865 674 1930 Plnt.
704 1864 813 1929 Numa
838 1866 896 1943 13,
920 1862 1011 1929 Dem.
1035 1866 1066 1945 4,
1092 1866 1149 1944 103
1177 1866 1227 1947 16,
1251 1866 1311 1945 23,
1336 1866 1390 1950 49,
1413 1868 1474 1946 68,

301 1981 354 2062 50,
388 1980 447 2058 67,
484 1980 536 2061 56,
570 1980 643 2062 32),
680 1979 805 2043 nullum
841 1985 949 2042 eutem
974 1998 1070 2043 usum
1094 1979 1190 2043 talem
1213 1981 1300 2064 apud
1325 1979 1475 2046 Cassium

300 2095 426 2177 repperi
461 2094 524 2156 nisi
554 2093 897 2177 interrogandi
929 2111 1029 2156 sensu
1064 2111 1190 2156 merum
1225 2096 1406 2177 genitivum
1439 2097 1473 2158 in

300 2206 337 2271 fr.
361 2208 413 2289 57,
436 2207 474 2269 4;
498 2204 623 2270 ἐπύθετο
645 2206 741 2269 αὐτῶν
766 2203 970 2284 πόπερον...·,
996 2203 1103 2278 tim.

346 2319 410 2384 Hie
444 2320 522 2383 mihi
558 2339 654 2384 suum
690 2320 798 2384 locum
830 2318 946 2383 hebere
968 2319 1098 2382 videtur
1120 2319 1158 2382 fr.
1183 2320 1235 2400 36,
1261 2321 1319 2384 14:
1344 2325 1475 2386 τοιαῦτα

301 2435 404 2507 αὐτοῖς
435 2431 519 2513 παροδ
551 2456 587 2496 σε
621 2441 676 2508 τῆς
712 2431 854 2513 ἐμφύτου
889 2432 1054 2512 φρονήσεως
1088 2431 1140 2495 καὶ
1177 2433 1261 2514 παρὰ
1284 2441 1339 2508 τῆς
1362 2435 1397 2498 ἐκ
1420 2439 1474 2499 τοῦ

301 2548 396 2628 γήρας
426 2545 672 2626 ἐμπειρίας....
698 2547 868 2626 παρῄνεσεν.
893 2545 985 2610 Sicut
1008 2549 1042 2609 in
1065 2547 1245 2611 locutione:
1272 2549 1343 2628 παρ’
1366 2548 1475 2612 ἑαυτοῦ

302 2659 410 2726 διδόναι
435 2662 556 2745 ellipsis
579 2663 664 2724 inest
688 2699 723 2708 ·-
754 2659 909 2725 omissum
934 2661 1020 2724 enim
1044 2665 1093 2724 est
1111 2663 1315 2746 participium
1341 2663 1474 2740 λαμβά-

302 2800 354 2839 νων
379 2813 419 2824 -
444 2795 516 2839 nam
537 2775 570 2838 id
590 2775 676 2858 quod
690 2775 786 2838 donat
799 2777 872 2858 quis
885 2779 979 2839 antea
992 2775 1032 2838 de
1044 2793 1104 2839 suo
1115 2794 1245 2839 sumere
1256 2795 1331 2840 eum
1344 2794 1475 2841 necesse

302 2893 358 2971 est,
391 2890 437 2952 ita
467 2894 577 2952 nostro
607 2888 677 2950 loeo
700 2889 906 2971 perspicuum
932 2892 981 2952 est
1004 2890 1161 2952 omissum
1184 2907 1256 2952 esse
1279 2888 1474 2953 vocabulum

302 3002 475 3086 quoddam,
506 3020 643 3084 quocum
676 3001 903 3083 coniungenda
926 3001 968 3064 sit
990 3003 1183 3084 praepositio
1207 2999 1310 3082 παρα,
1335 3002 1473 3066 verbum

303 3112 452 3179 διδάσκειν
486 3115 630 3179 simileve
660 3112 796 3176 verbum
820 3115 1013 3196 cogitatione
1037 3114 1253 3198 supplendum
1278 3115 1408 3179 videtur
1429 3118 1476 3180 ita

301 3235 338 3294 ut
361 3231 520 3294 sententia
544 3229 625 3292 hene
649 3226 764 3290 hebeat
788 3226 1071 3310 significationem:
1096 3227 1203 3308 „Telis
1223 3247 1277 3292 eos
1296 3229 1476 3311 admonuit,

301 3346 433 3410 edoctus
457 3346 554 3408 insita
578 3343 694 3407 mentis
717 3341 887 3424 prudentie
910 3346 941 3404 et
965 3342 1060 3404 senili
1083 3341 1313 3425 experientia”.

345 3459 511 3523 Postremo
542 3458 611 3520 loeo
634 3474 923 3519 commemoremus
948 3454 1045 3519 verba
1070 3453 1238 3532 γίγνεσθαι,
1263 3450 1348 3528 εἶναι,
1375 3455 1473 3535 ὑπαρ-

304 3596 371 3652 χειν
414 3591 496 3657 quae
537 3570 704 3635 nonnullis
743 3569 822 3632 loeis
856 3569 943 3652 epod
976 3567 1113 3633 Dionem
1149 3570 1362 3633 inveniuntur
1397 3589 1472 3636 eum

301 3688 535 3771 praepositione
559 3683 643 3764 παροδ
667 3704 740 3748 enm
764 3684 906 3768 genitivo
931 3684 1110 3746 coniuncta.

347 3821 375 3863 a.
398 3798 552 3877 γίγνεσθαι
578 3797 661 3878 παροὶ
684 3821 761 3870 τινος
784 3798 872 3862 hisce
895 3796 1050 3862 habemus
1074 3797 1171 3861 louis:

347 3916 400 3992 37,
422 3916 473 3992 23,
497 3915 533 3977 2;
559 3909 614 3976 ὅσα
637 3917 700 3984 τοῖς
725 3908 868 3989 effossi
889 3933 919 3972 τι
945 3908 1029 3989 παρα
1053 3913 1110 3972 τῶν
1135 3912 1255 3973 πολλῶν
1278 3908 1430 3987 γίγνεται,

349 4029 400 4104 52,
424 4029 452 4099 6,
477 4030 512 4091 2;
537 4024 573 4090 ἂν
585 4025 617 4089 δὲ
639 4048 695 4089 που
707 4023 759 4088 καὶ
772 4027 938 4101 ἀναγκαῖαι
953 4021 1037 4102 παροδ
1049 4021 1169 4086 παντων
1181 4023 1306 4103 ε’σφοραὶ
1319 4023 1473 4100 γένωνται,

349 4142 400 4218 52,
425 4141 454 4217 6,
478 4141 513 4204 5;
539 4140 608 4219 παρ’
633 4135 727 4218 ὧνπερ
752 4136 804 4201 καὶ
828 4138 862 4200 αἱ
887 4137 996 4216 λήψεις
1020 4136 1185 4214 γίγνονται,

348 4256 400 4332 55,
425 4256 475 4333 12,
500 4254 537 4317 5;
562 4252 616 4326 τὴν
640 4250 813 4315 συντέλειαν
836 4250 890 4324 τὴν
916 4250 999 4329 παροδ
1022 4254 1075 4313 ποῦ
1099 4249 1193 4326 δήμου
1217 4249 1242 4313 οἱ
1265 4248 1432 4327 γενομένην,

348 4368 401 4448 56,
426 4368 478 4445 35,
501 4367 538 4430 4:
566 4362 642 4429 ὥστε
665 4364 755 4428 κοινὸν
780 4362 863 4444 παροδ
891 4361 1011 4427 παντων
1034 4363 1084 4427 τὸν
1108 4360 1228 4427 ἔπαινον
1251 4361 1398 4441 γενέσθαι,

348 4483 401 4566 42,
425 4482 454 4562 7,
478 4481 515 4543 3:
540 4477 797 4556 ἀγανακτήσεως.
813 4525 819 4540 .
834 4525 865 4541 ..
892 4475 976 4556 παρα
998 4480 1050 4540 ποῦ
1074 4477 1204 4550 πλήθους
1228 4475 1395 4554 γενομένης,
