3400 5212
824 537 866 601 67

260 721 598 804 τροταροισιιενοίζεσθαι
629 726 684 788 cui
706 725 818 810 generi
839 724 945 789 medio
968 726 1053 789 inest
1076 726 1164 789 notio
1188 726 1346 809 sumendi,
1368 726 1431 790 col-

259 838 381 922 ligendi
416 837 477 901 sibi
513 838 584 922 ipsi,
614 839 746 922 regitur,
776 837 853 902 dum
878 837 1082 903 substantiva
1105 840 1170 902 vim
1195 857 1287 904 suam
1310 839 1434 904 addunt

260 952 336 1016 usui
358 952 604 1035 praepositionis
631 949 724 1030 παρα.

306 1174 413 1239 Verba
436 1193 561 1240 emen
576 1174 620 1238 di
644 1174 760 1240 deinde
783 1175 1003 1240 enumeranda
1026 1180 1104 1240 sunt
1127 1176 1166 1241 de
1190 1175 1310 1261 quibus
1331 1194 1435 1261 pauca

261 1289 465 1354 disseramus.
500 1287 694 1373 Saepissime
727 1307 803 1353 cum
835 1287 918 1368 ταρὲο
954 1290 1127 1354 coniuncta
1150 1294 1325 1354 occurrunt
1347 1288 1434 1373 apud

261 1402 381 1467 multos
404 1402 583 1485 scriptores,
607 1420 632 1466 e.
645 1421 675 1484 g.
699 1401 786 1486 apud
810 1399 1011 1466 Herodotum
1040 1401 1173 1466 ὠνεῖσθαί
1193 1426 1223 1466 τι
1250 1399 1334 1482 ταροί
1357 1424 1434 1475 τινος

262 1513 309 1602 (5,
334 1515 371 1595 6,
396 1516 425 1597 9,
447 1511 518 1600 89),
541 1512 680 1594 πρίασθαι
705 1511 753 1600 (9,
778 1512 853 1600 94),
876 1514 963 1599 apud
975 1513 1105 1596 Lysiam
1118 1513 1279 1602 (7,4,22,
1290 1513 1338 1601 8),
1350 1515 1435 1599 apud

261 1628 508 1713 Xenophontem
533 1625 633 1714 (Hell.
658 1630 688 1711 3,
712 1630 741 1710 2,
766 1627 827 1709 30,
854 1629 894 1693 de
916 1627 1039 1713 Vectig.
1063 1631 1094 1712 4,
1120 1626 1178 1715 19)
1202 1627 1356 1714 aliosque.

308 1742 438 1807 Cassius
460 1741 524 1807 Dio
547 1743 624 1807 haec
647 1742 744 1807 habet
764 1741 878 1808 verba:

308 1852 554 1935 ἀγοράζειν
595 1854 665 1942 (38,
710 1856 738 1937 l,
771 1853 830 1942 4):
867 1853 935 1921 οὔτε
971 1880 1005 1920 τι.
1041 1853 1163 1929 ἄκοντος
1197 1879 1363 1929 τινος....
1400 1880 1434 1919 τι.

264 1968 385 2034 ἑκόντων
413 1969 621 2048 αγορασίῆναι.
647 2006 689 2016 -
713 1966 870 2050 οίγοροίζειν
893 1993 924 2033 τι
950 1967 1033 2050 ταροί
1056 1993 1134 2042 τινος
1156 1970 1241 2054 apud
1264 1970 1436 2035 Isocratem

269 2102 400 2168 quoque
423 2084 562 2168 legimus
585 2080 632 2169 (2,
658 2080 717 2169 54)
740 2088 771 2148 et
793 2082 969 2165 Polybium
992 2080 1040 2169 (3,
1063 2081 1131 2170 42).

311 2196 522 2261 ὠνεῖσθαι
555 2193 625 2282 (60,
661 2197 712 2280 17,
747 2194 801 2283 5):
836 2196 891 2270 τὴν
923 2196 1080 2260 πολιτείαν
1105 2220 1139 2260 τι.
1165 2203 1219 2274 τῆς
1242 2195 1438 2270 Μεσσαλίνης

265 2311 393 2375 ὠνοῦντο.
406 2309 487 2375 (lum
500 2312 735 2395 praepositione
749 2309 832 2391 ταρὰ
845 2310 1053 2375 coniunctum
1068 2309 1202 2374 verbum
1212 2309 1342 2373 ὠνεῖσθαι
1351 2310 1437 2394 apud

265 2425 344 2489 alios
380 2443 510 2509 quoque
544 2426 715 2509 scriptores
749 2425 924 2506 invenitur,
947 2443 972 2490 e.
985 2445 1015 2508 g.
1038 2424 1124 2508 apud
1148 2422 1315 2488 Platonem
1339 2420 1437 2509 (legg.

265 2559 294 2622 p.
329 2539 394 2602 849
430 2535 487 2624 0):
526 2537 607 2616 μήτε
638 2561 686 2610 τις
710 2537 849 2602 πωλείτω
873 2538 952 2615 μήτε
975 2535 1095 2602 ὠνείσθω
1120 2561 1154 2600 τ.
1179 2534 1310 2601 τοιοιίτον
1333 2536 1438 2615 μηδείς

266 2653 389 2730 μηδενὸς
411 2651 466 2739 (ci.
486 2674 515 2738 p.
539 2654 604 2716 313
627 2649 691 2738 Ε),
715 2653 802 2736 apud
820 2651 1070 2717 Demosthenem
1083 2649 1153 2738 (18,
1165 2649 1240 2738 32);
1257 2651 1327 2732 παρ’
1340 2652 1438 2716 αὐτῶν

267 2769 382 2831 ὠνεῖται
403 2764 459 2853 (cf.
480 2767 532 2849 59,
553 2767 612 2846 29,
630 2767 731 2848 9,48;
746 2766 796 2848 19,
810 2767 893 2844 300,
906 2763 1116 2852 saepissime),
1128 2766 1215 2850 apud
1227 2765 1438 2831 Plutarchum

265 2880 361 2969 (Mor.
384 2902 413 2966 p.
438 2881 500 2944 171
526 2877 576 2966 Ο).
607 2879 689 2945 (lum
724 2880 958 2964 praepositione
980 2879 1042 2944 απὸ
1066 2881 1277 2944 coniunctum
1300 2880 1440 2944 occurrit

229 2989 231 2994 ’
266 2996 352 3080 apud
376 2995 532 3059 Achillem
556 2993 682 3059 Tatium
707 2991 781 3080 (qui
805 2995 907 3059 multo
929 2999 1002 3078 post
1021 2999 1169 3059 nostrum
1188 2991 1438 3080 v'ixit)(5,17):

267 3107 408 3174 τοσούτου
442 3132 482 3186 με
518 3107 580 3172 ciui
612 3110 669 3172 τῶν
693 3110 810 3187 λῃστῶν
834 3105 990 3180 ἐωνήσατο.
1016 3099 1097 3173 Cum
1121 3109 1228 3173 dativo
1251 3107 1438 3192 Aristopha-

266 3242 324 3289 nes
358 3224 419 3287 hoc
452 3221 590 3287 verbnm
624 3222 796 3285 coniunxit
830 3220 959 3286 duobus
993 3222 1073 3286 locis
1107 3239 1222 3306 nempe
1251 3222 1331 3285 Ach.
1356 3221 1438 3283 815:

268 3336 418 3415 ὠνήσομαί
452 3361 496 3401 σοι
527 3334 588 3423 (so.
620 3333 662 3399 τοὶ
687 3332 839 3420 χοιρίδια)
863 3339 894 3400 et
918 3335 990 3399 Pac.
1019 3336 1120 3399 1261:
1146 3333 1238 3416 τούτῳ
1260 3334 1291 3412 γ’
1316 3334 1374 3413 ἐγὼ
1398 3333 1440 3398 τοὶ

268 3449 379 3531 δόρατα
402 3450 493 3514 ταῦτ’
518 3451 677 3526 ὠνήσομαι,
702 3449 823 3534 quibus
845 3449 925 3513 locis
949 3449 1146 3514 dativ'us
1169 3449 1255 3514 idem
1274 3454 1324 3514 est
1343 3453 1440 3532 atque

269 3563 353 3645 ταροὶ
386 3584 461 3629 oum
495 3565 647 3650 genitivo.
677 3563 861 3648 Xenophon
895 3562 1034 3647 denique
1058 3563 1327 3647 praepositionem
1349 3563 1383 3625 ἐκ
1408 3567 1440 3627 et

268 3680 449 3763 genitivum
482 3679 544 3744 loci
567 3679 689 3743 addidit
711 3678 809 3743 verbo
834 3678 964 3741 ὠνεῖσθαι
988 3679 1022 3741 in
1046 3676 1130 3742 Hell.
1157 3676 1186 3759 7,
1209 3678 1239 3760 2,
1264 3677 1304 3739 17
1314 3697 1321 3739 :
1347 3674 1389 3738 τοὶ
1412 3674 1438 3738 δ’

268 3794 301 3857 ἐκ
325 3791 454 3873 Κορίνίον
478 3789 640 3871 ὠνούμενοι.

314 3905 534 3987 πρίασθαι
565 3904 634 3993 (78,
658 3906 687 3988 6,
713 3903 766 3992 3),
794 3905 900 3970 πολλοὶ
921 3929 955 3969 τ.
978 3901 1440 3986 τῶν....οίνίροίτωνὲσρίοοτο,

267 4020 305 4085 cf.
337 4019 435 4086 Isocr.
469 4021 520 4103 16,
552 4021 587 4084 l:
622 4017 783 4100 πριάμενος
807 4019 841 4082 τὸ
863 4017 969 4098 ζεῦγος
993 4017 1077 4100 παρὰ
1099 4027 1155 4093 τῆς
1178 4017 1302 4090 πόλεως.
1328 4016 1440 4082 Isaeus

268 4136 297 4216 5,
333 4135 391 4198 21:
428 4134 454 4196 oi
490 4157 524 4197 ιι.
562 4133 667 4197 τούτου
703 4129 870 4214 τριοίμενοι.
907 4130 997 4196 Dem.
1035 4134 1086 4215 59,
1120 4133 1177 4195 72;
1202 4129 1256 4203 τὴν
1279 4131 1380 4210 ἀρχὴν
1405 4154 1439 4194 τι.

268 4250 360 4314 αὐτοῦ
397 4246 568 4328 τριοίμενος,
600 4247 638 4311 cf.
670 4247 722 4328 37,
755 4247 815 4326 16,
840 4248 891 4327 59,
916 4249 974 4325 33,
1000 4246 1053 4326 37,
1079 4247 1135 4326 12,
1163 4247 1214 4328 37,
1239 4246 1298 4325 37,
1325 4247 1354 4326 9,
1378 4247 1438 4325 38,

270 4365 322 4441 29,
358 4365 394 4440 7,
431 4364 483 4445 59,
518 4362 569 4426 20.
604 4359 687 4426 Xon.
722 4359 806 4425 Hell.
839 4362 868 4442 3,
891 4361 921 4443 2,
948 4360 1006 4422 30:
1033 4357 1173 4439 σρίασίαι
1199 4359 1252 4432 τὴν
1278 4357 1379 4438 χώραν
1405 4382 1439 4421 τι.
1490 4364 1494 4374 ”

272 4483 328 4544 τῶν
353 4476 422 4542 τότε
446 4474 653 4556 ἐχόντωντὴν
679 4473 776 4538 πόλιν.
801 4473 882 4538 (lum
902 4475 1136 4558 praepositione
1153 4472 1213 4536 οὶτὸ
1233 4475 1441 4537 coniunctum
