3400 5212
837 513 901 577 102

285 718 377 762 mus:
401 697 529 763 efficere
553 705 589 762 nt
611 698 673 763 sibi
697 699 906 763 confirmetur
923 700 1007 783 aiqd.
1025 699 1066 763 ab
1084 701 1203 785 aliquo.
1214 701 1313 766 Medii
1332 705 1461 786 generis

284 812 432 896 exempla
456 813 533 875 baec
556 819 651 876 sunt:

327 927 381 1008 48,
412 927 466 1008 45,
489 929 527 990 3:
557 926 610 998 cio
630 925 794 1003 βασιλείαν
815 928 910 990 αὑτοῦ
931 926 1048 990 αὐτίκα
1071 952 1107 990 τε
1131 928 1270 1007 κατέσχε
1291 929 1344 992 καὶ
1372 930 1458 1006 μετὰ

283 1045 372 1104 τοῦτο
404 1039 457 1104 καὶ
489 1039 574 1120 παρὰ
598 1044 650 1104 τοῦ
675 1039 820 1119 Καίσαρος
844 1040 1056 1117 ἐβεβαιώσατο
1080 1048 1227 1126 (regnum
1253 1045 1324 1107 eius
1348 1046 1458 1108 statim

283 1155 460 1236 occupavit,
495 1161 604 1236 postea
637 1174 769 1238 quoque
800 1175 819 1216 a
849 1153 984 1219 Caesare
1006 1155 1070 1219 sibi
1092 1156 1316 1220 confirmatum
1342 1158 1458 1237 babet).

328 1268 382 1350 53,
416 1269 448 1350 2,
484 1269 519 1330 6;
553 1267 624 1346 παρ’
656 1266 779 1330 ἑαώντών
808 1267 844 1339 δὴ
868 1271 926 1330 τῶν
949 1268 1105 1347 ἀνθρώπων
1127 1271 1182 1343 τὴν
1204 1270 1377 1350 μοναρχίαν
1401 1271 1457 1348 βε-

177 1435 180 1440 .
282 1381 469 1459 βαιώσασθαι
492 1385 544 1444 τοῦ
566 1381 611 1457 μὴ
634 1379 730 1443 δονεῖν
751 1377 881 1453 ἄκοντας
903 1381 1014 1454 αὐτοὺς
1037 1382 1204 1460 βεβιάσθαι
1228 1385 1459 1462 (avolantibus

283 1495 467 1559 bominibus
502 1496 564 1559 sibi
586 1497 758 1579 imperium
782 1495 981 1578 confirmare,
1005 1517 1046 1561 ne
1069 1497 1117 1560 illi
1140 1500 1236 1560 iuviti
1259 1501 1362 1561 coacti
1385 1519 1460 1564 esse

286 1610 491 1686 viderentur).

327 1725 382 1807 53,
407 1724 459 1805 12,
485 1724 520 1785 l:
551 1721 605 1794 riv
628 1720 789 1799 ἡγεμονίαν
803 1771 809 1784 .
824 1772 832 1786 .
848 1769 878 1785 ..
902 1722 955 1786 καὶ
980 1723 1065 1803 παρὰ
1088 1730 1144 1796 τῆς
1165 1723 1321 1803 γερουσίας
1344 1729 1398 1788 τοῦ
1423 1750 1460 1789 τε

284 1837 379 1914 δήμου
412 1836 624 1915 ἐβεβαιώσατο
659 1835 844 1920 (imperinm
880 1843 946 1900 tam
981 1857 1000 1901 a
1034 1845 1149 1901 senato
1174 1858 1271 1921 quam
1297 1859 1315 1900 a
1338 1840 1459 1922 populo

283 1951 345 2016 sibi
367 1951 591 2015 confirmatum
619 1951 776 2034 babebat).

328 2064 382 2147 68,
406 2067 438 2148 9,
464 2065 500 2128 7:
524 2061 604 2137 ὅπως
627 2062 680 2127 καὶ
704 2064 776 2143 παρ’
801 2062 908 2127 ἐκείνου
934 2063 997 2148 (sc.
1021 2069 1074 2128 τοῦ
1096 2064 1310 2145 βουλευτηρίου
1329 2068 1350 2129 i.
1363 2085 1389 2130 e.
1402 2075 1459 2141 τῆς

284 2178 417 2263 βουλῆς)
443 2179 498 2252 τὴν
521 2178 630 2258 εἰρήνην
654 2176 865 2257 βεβαιώσηται
891 2178 941 2262 (ut
965 2181 1060 2242 etiam
1084 2200 1103 2242 a
1126 2187 1241 2242 senatu
1265 2199 1374 2263 paoem
1395 2180 1458 2244 sibi

283 2291 500 2355 confirmatam
527 2291 678 2374 baberet).

328 2405 408 2469 Cum
435 2406 522 2469 hisce
545 2406 701 2488 exemplis
724 2405 908 2469 conferendi
932 2412 1009 2468 sunt
1032 2406 1097 2468 duo
1121 2407 1183 2468 ioci
1207 2406 1370 2471 Platonis:

328 2517 422 2602 Gorg.
464 2539 492 2601 p.
536 2518 600 2582 489
637 2519 684 2581 Α;
725 2514 772 2580 ἵνα
807 2517 1028 2596 βεβαιώσωμαι
1065 2517 1118 2592 ἤδη
1156 2519 1241 2599 νεαροὶ
1275 2524 1339 2593 σοῦ,
1375 2519 1456 2605 Rep.

283 2653 311 2716 p.
343 2633 405 2696 461
432 2631 476 2694 E:
509 2632 557 2695 δεῖ
576 2631 611 2705 δὴ
636 2632 669 2695 τὸ
693 2631 778 2709 μετὰ
799 2635 888 2696 τοῦτο
912 2630 1143 2709 βεβαιώσασθαι
1169 2632 1253 2712 erupit
1276 2637 1329 2697 τοῦ
1352 2632 1454 2712 λόγου.

328 2745 488 2810 Omnibus
508 2747 586 2810 iocis
610 2753 741 2830 apparet
765 2746 897 2810 verbum
923 2745 1122 2824 βεβαιοῦσθαι
1147 2748 1214 2812 fere
1237 2751 1282 2812 ita
1302 2750 1456 2832 supplen-

284 2861 361 2924 dum
397 2881 484 2925 esse:
508 2860 581 2939 βεβ.
606 2859 818 2938 θμολογήματι
842 2858 927 2940 ταρώ
951 2883 1026 2933 τινος
1049 2860 1210 2942 γενομένῳ,
1239 2864 1285 2926 sic
1308 2882 1334 2927 e.
1347 2885 1377 2946 g.
1402 2862 1457 2934 ‘riv

242 3051 254 3070 ·
284 2973 444 3052 βασιλείαν
470 2974 553 3054 παρὰ
576 2977 628 3038 τοῦ
652 2975 796 3053 Καίσαρος
814 2974 1025 3052 ἐβεβαιώσατο
1045 2977 1129 3040 idem
1143 2983 1191 3041 est
1204 2974 1456 3060 ᾳυοώὲβεβαιώ-

284 3112 359 3153 σατο
383 3089 437 3163 τὴν
461 3086 622 3165 βασιλείαν
644 3086 858 3164 ώμολογθματι
883 3087 967 3168 νεαροὶ
986 3093 1037 3152 τοῦ
1057 3089 1201 3169 Καίσαρος
1213 3089 1358 3170 γενομένῳ
1370 3093 1457 3172 (con-

283 3203 423 3268 firmavit
446 3203 506 3267 sibi
530 3203 700 3286 imperium
725 3223 743 3264 a
767 3200 910 3283 Caesare,
933 3204 954 3265 i.
966 3221 991 3266 e.
1016 3210 1146 3287 propter
1168 3223 1309 3286 causam,
1333 3205 1372 3268 de
1392 3225 1458 3288 qua

283 3321 434 3382 convenit
457 3320 541 3381 inter
565 3337 639 3381 eum
660 3323 692 3380 et
713 3315 907 3396 Gaesarem);
922 3317 1032 3381 eadem
1046 3317 1303 3402 breviloquentia
1317 3321 1459 3382 occurrit

282 3437 315 3497 in
341 3432 438 3496 verbo
461 3417 707 3509 creponensem
731 3430 817 3514 apud
842 3430 1007 3495 Platonem
1031 3431 1073 3515 (p.
1101 3432 1163 3495 199
1189 3431 1247 3515 Β);
1274 3427 1322 3495 ἵνα
1345 3431 1455 3509 ώνυμο-

284 3545 488 3625 λογνσώμενος
512 3547 583 3628 παρ’
608 3547 701 3610 αὐτοῦ
725 3542 817 3619 οὕτως
840 3546 893 3620 ἤδη
918 3545 999 3623 λέγω
1023 3546 1082 3630 (ut,
1106 3565 1180 3610 oum
1205 3545 1244 3608 ab
1269 3565 1307 3610 eo
1332 3546 1453 3611 confos-

283 3664 406 3727 sionem
441 3665 727 3743 assensionemque
761 3679 959 3744 expressere,
993 3666 1061 3722 tum
1093 3660 1221 3723 demum
1255 3659 1374 3743 dicam)
1398 3660 1455 3722 ubi

283 3778 401 3840 locutio
431 3771 729 3853 ώνομολογνσώμενώς
753 3773 824 3858 (τι)
853 3774 923 3854 παρ’
948 3774 1042 3837 αὐτοῦ
1064 3774 1149 3837 idem
1174 3773 1334 3857 significat
1356 3781 1455 3858 etque

283 3889 494 3968 θμολογθματι
509 3889 579 3967 παρ’
592 3888 686 3951 αὐτοῦ
698 3886 843 3967 γενομένῳ
857 3885 1104 3964 βεβαιώσώμενθς
1120 3887 1191 3971 (τι)
1208 3888 1258 3951 vei
1271 3885 1353 3960 εἰδώς
1368 3886 1451 3973 (τι).
1523 3959 1526 3966 ,

328 4004 375 4067 Ειι
409 4004 622 4089 explicatione
658 4003 754 4067 simul
788 4002 950 4066 indicatur
984 4020 1043 4064 cur
1077 4002 1270 4084 praepositio
1306 3999 1389 4081 τοῳθι
1419 4004 1454 4064 in

284 4119 342 4182 bas
364 4119 543 4182 locutiones
571 4119 691 4201 optime
715 4115 858 4199 quadret,
882 4134 996 4198 nempe
1020 4117 1210 4198 cognatione
1234 4113 1324 4178 verbi
1347 4113 1453 4192 ὅμοιο-

283 4232 399 4309 γεῖσθαι
425 4231 510 4316 quod
535 4231 800 4314 praepositionem
827 4227 911 4308 ταρθι
933 4229 1112 4292 adsciscere
1135 4233 1228 4292 amet.

328 4343 454 4409 Unicus
489 4345 579 4409 iocus
614 4364 679 4429 quo
714 4345 880 4427 passivum
910 4361 1014 4426 genus
1046 4341 1136 4406 verbi
1160 4341 1356 4421 βεβαιοῦσθαι
1379 4363 1452 4407 cum

282 4461 516 4544 praepositione
559 4456 642 4538 ταρθι
684 4459 893 4521 coniunctum
929 4457 1067 4521 occurrit
1102 4457 1187 4540 apud
1221 4453 1367 4539 Dionem,
1405 4462 1453 4521 est
