3378 5212
801 518 863 582 121

248 705 332 768 onim
368 709 400 768 et
424 703 478 784 ἱρὸν
502 705 587 769 diota
609 710 687 770 sunt
709 725 766 790 pro
790 707 830 771 iis
855 707 911 791 qui
932 706 1070 771 oraculis
1093 709 1162 772 sive
1184 707 1305 790 templo
1328 726 1412 792 prae·

195 899 197 908 X
247 817 385 881 suntad
410 819 681 902 interpretandam
705 819 755 884 vel
780 819 1023 903 significandam
1044 820 1177 885 deorum
1199 820 1416 901 voluntatem3

248 935 408 1012 postremo
431 932 577 1016 exemplo
600 933 766 997 oraoulum
791 933 936 1016 retertur,
958 935 992 996 in
1016 935 1110 998 cuius
1135 934 1282 1000 versibus
1294 936 1417 1018 epioam

249 1042 419 1109 dictionem
456 1045 619 1110 observari
649 1051 906 1112 consentaneum·
925 1053 989 1127 est;
1013 1046 1195 1114 Homericis
1219 1054 1326 1113 autem
1350 1070 1418 1114 oar·

249 1156 391 1222 minibus
422 1159 507 1223 haud
531 1159 630 1224 semel
653 1179 727 1223 oum
751 1159 857 1224 verbis
881 1161 980 1224 eundi
1003 1163 1208 1226 ooniunotam
1231 1163 1418 1227 invenimus

248 1273 516 1354 praepositionem
548 1270 632 1352 πυροὶ
659 1271 752 1358 (itant
776 1271 861 1354 πυροὶ
884 1297 919 1338 τε
941 1273 1061 1348 κλισίοις
1085 1273 1137 1338 arri
1161 1281 1232 1349 νῆοις
1255 1274 1415 1360 Ἀχαιῶν)

249 1385 299 1447 vel
335 1386 421 1469 quod
456 1388 606 1470 proprius
629 1387 669 1450 ad
692 1388 800 1452 looum
823 1386 979 1453 Herodoti
1002 1389 1123 1454 accedit
1147 1397 1172 1452 Φ
1198 1391 1279 1454 603:
1304 1388 1419 1470 τρέφοις

250 1496 311 1579 πὰρ
336 1498 483 1576 rorant.

292 1611 474 1697 Xenophon
506 1612 590 1678 Heli.
622 1616 653 1697 2,
680 1615 737 1678 15:
764 1613 835 1694 παρ’
860 1610 992 1689 ἑκάστην
1015 1618 1085 1679 νοοῦν
1109 1615 1233 1696 προσιών
1256 1617 1324 1696 (ubi
1348 1637 1418 1701 per-

248 1746 400 1790 sonarum
423 1747 554 1811 qaoque
576 1730 664 1792 notio
686 1729 781 1806 inest,
805 1746 919 1811 nempe
942 1731 1073 1809 νιιυσῶν).

293 1840 384 1904 Plato
414 1840 543 1904 Phaedo
567 1861 596 1924 p.
624 1841 685 1904 113
710 1840 748 1920 Β,
772 1841 811 1905 de
833 1840 1140 1926 Pyriphlegethonte
1162 1841 1298 1907 flumine
1321 1843 1416 1908 dioit:

249 1952 427 2034 ἀφικνεῖται
449 1954 519 2035 παρ’
541 1951 665 2034 ἔσχοντο
684 1959 740 2027 τῆς
752 1953 988 2034 Ἀχερουσιιὶδος
1001 1955 1118 2032 λίμνης,
1130 1956 1162 2019 οὐ
1176 1955 1418 2034 συμμιγνύμενος

248 2066 290 2146 τῷ
315 2061 403 2131 iiiam
427 2069 500 2147 (hoc
521 2068 591 2132 looo
614 2069 806 2152 praepositio
829 2067 914 2147 ιιιιρδι
938 2075 1090 2152 usurpata
1114 2088 1184 2134 essa
1205 2069 1342 2152 videtur,
1354 2090 1418 2134 non

249 2183 440 2265 praepositio
472 2181 552 2262 πρὸς,
578 2188 613 2246 ut
635 2182 796 2246 indicetur
819 2181 957 2246 fluvium
980 2182 1046 2246 fere
1069 2183 1110 2246 ad
1132 2183 1305 2247 Acherusii
1328 2185 1419 2250 lacus

249 2315 320 2359 oras
344 2300 503 2360 extremas
528 2297 677 2360 accedere
701 2315 760 2360 neo
783 2301 891 2361 tamen
914 2315 1016 2380 aquas
1040 2298 1183 2361 miseere.

292 2408 406 2490 Lysias
441 2409 465 2473 I.
496 2409 555 2473 35:
589 2407 674 2489 ποιρδι
696 2408 766 2482 τοὺς
788 2407 892 2486 νόμους
915 2408 1009 2472 ἐλθεῖν
1031 2409 1100 2488 (ubi
1123 2407 1204 2486 νόμοι
1232 2411 1325 2494 quasi
1348 2430 1418 2495 per·

249 2542 347 2587 sonae
372 2542 453 2607 quas
476 2523 612 2604 adimus,
635 2541 705 2586 esse
727 2521 917 2606 finguntur).

292 2637 368 2702 Loci
393 2637 447 2702 ubi
472 2639 662 2721 praepositio
687 2636 771 2718 πυροὶ
795 2638 902 2702 verbis
926 2638 1025 2702 eundi
1047 2638 1155 2702 addita
1177 2643 1226 2703 est
1245 2639 1331 2723 apud
1344 2639 1416 2704 Oas-

249 2753 332 2816 sium
357 2749 504 2832 Dionem,
527 2753 560 2814 hi
583 2758 675 2816 sunt:

293 2867 347 2948 28,
374 2867 407 2928 l:
433 2865 470 2938 ὥς
494 2864 594 2946 Φίλων
618 2889 653 2929 ar.
679 2865 789 2947 Φίλυος
813 2865 911 2930 ἰόντων
933 2866 1002 2945 (ubi
1025 2867 1173 2931 codicum
1196 2867 1289 2932 lectio
1316 2850 1419 2948 Φίλοις

248 2981 435 3062 rectissime,
467 2981 499 3042 ni
524 2978 625 3061 fallor,
648 3000 667 3043 a
690 2979 820 3044 Reiskio
843 2983 877 3044 in
903 2978 1015 3060 φίλους
1037 2986 1159 3045 mutata
1183 2986 1247 3061 ost3
1272 2982 1309 3046 ot.
1334 2981 1417 3047 Xon.

248 3093 350 3158 Anah.
385 3096 416 3177 2,
452 3094 483 3176 5,
518 3095 571 3176 27,
607 3093 662 3158 ubi
697 3095 822 3158 codices
854 3092 1057 3175 Τισσαφέρνει
1080 3093 1208 3174 habent,
1231 3097 1417 3161 restitutum

248 3212 355 3271 autem
380 3212 428 3271 est
450 3209 520 3270 iure
544 3205 775 3288 Τισσαφέρνην).

295 3321 369 3403 104,
393 3320 429 3383 7:
455 3320 492 3391 ὡς
516 3342 550 3382 σι.
577 3318 688 3400 Φίλσυς
711 3319 821 3392 αὐτοὺς
841 3321 957 3393 ἐσῆλθε.
1037 3321 1039 3326 ’

240 3453 243 3460 ’
293 3435 346 3517 69,
372 3435 424 3517 12,
448 3435 485 3496 3:
509 3429 588 3505 ὅπως
613 3455 647 3496 οι.
673 3431 830 3508 ἀλλήλους
855 3433 913 3496 ὑπὸ
935 3440 994 3510 γῆν
1012 3433 1416 3515 διυφοιτῶντεςλσινθιὶνωσι.

294 3549 346 3630 77,
370 3549 424 3631 23,
447 3548 484 3611 3:
508 3543 587 3620 ὅπως
610 3545 719 3623 μηκέτ’
744 3548 836 3620 οὶδεῶς
861 3570 895 3610 π.
920 3548 1076 3622 ἀλλήλους
1099 3548 1236 3646 φοιτῷεν.

294 3663 347 3745 77,
373 3663 424 3744 12,
447 3663 495 3724 1¹:
520 3663 557 3734 ὡς
580 3660 615 3735 tt
642 3685 675 3724 οι.
702 3660 794 3743 Φίλον
817 3661 907 3726 σοῦσον
931 3659 1020 3736 ἥκειν.

292 3776 331 3838 In
354 3775 438 3839 Petr.
463 3775 546 3838 Patr.
570 3794 637 3839 exo.
663 3776 702 3840 de
728 3777 787 3858 leg.
808 3773 862 3839 (³6
883 3776 959 3859 (vid.
982 3777 1034 3860 71,
1054 3778 1085 3859 3,
1108 3775 1416 3860 1³)haeolegimas:
1461 3863 1462 3866 Ἴ

294 3887 437 3969 πρέσβεις
467 3887 551 3969 trapa
573 3888 705 3952 Ἰοὶλλιον
727 3888 841 3953 Βοὲσσον
864 3888 1037 3962 στέλλουσι,
1063 3909 1203 3973 quocum
1227 3890 1418 3954 conferenda

248 4009 324 4066 sant
346 4001 503 4066 Herodoti
526 4003 727 4086 aliorumque
750 4003 811 4065 looi
830 4003 991 4086 permulti,
1003 4003 1059 4066 ubi
1072 3979 1170 4067 verba
1183 4004 1330 4068 mittendi
1343 4025 1418 4068 oum

246 4115 480 4198 praepositione
501 4113 586 4195 σιιρδι
602 4136 675 4180 oum
688 4117 871 4180 accusativo
883 4135 1038 4199 personae
1050 4118 1224 4181 ooniunota
1236 4123 1419 4182 occurrunt.

293 4227 381 4292 Sub
395 4229 613 4293 stantiva
636 4248 776 4313 quoque,
799 4229 839 4294 ab
863 4230 1021 4294 eiusmodi
1041 4229 1147 4295 verbis
1168 4231 1419 4313 derivata,velut

248 4337 366 4415 ἄνοιξις,
400 4337 510 4413 ἄνοδος,
542 4339 657 4422 ἔφοδος,
681 4339 787 4415 ἔσοδος,
810 4340 927 4415 στόλος,
951 4342 1135 4423 ratapant,
1159 4363 1232 4408 cum
1258 4347 1419 4430 praeposi·

249 4457 336 4520 tione
367 4453 452 4534 συρδι
482 4457 663 4539 coniuncta,
694 4454 769 4520 lieet
799 4475 880 4539 raro,
904 4462 1079 4521 occurrunt
1102 4457 1188 4540 apud
1210 4456 1422 4547 Herodotum,

1111 4571 1115 4578 '
1302 4572 1320 4623 8
