3378 5212
826 456 889 520 142

314 637 395 704 Cum
419 640 524 724 priore
546 641 695 726 exemplo
715 639 898 707 Herodotao
918 641 962 726 (7,
974 642 1029 724 20)
1049 641 1266 707 conferendus
1286 648 1335 707 est
1354 642 1448 709 locus

270 771 313 818 ex
342 752 532 836 fragmentis
556 752 658 818 Cassii
681 752 797 818 Dionis
822 755 889 838 (12,
914 755 964 835 2):
990 755 1053 826 πὶίς
1075 752 1135 834 γσίρ
1159 777 1207 826 τις
1228 753 1263 818 τὸ
1286 753 1449 835 ιίπείρατον

273 865 327 948 πρό
355 870 407 931 τοῦ
430 865 677 945 κατεγνωσμένου
701 873 896 949 προαιρεῖται,
919 866 1061 945 μεγοίλην
1085 868 1115 941 ές
1137 867 1171 932 τό
1194 866 1306 941 ἄδηλον
1329 867 1449 934 ἐλπίδα

272 1002 307 1044 π.
331 980 366 1044 τό
388 979 593 1058 μεμισημένον
616 980 670 1055 ἤδη
695 980 869 1060 ποιούμενος
892 980 966 1069 (ubi
990 1001 1063 1066 spes
1083 1002 1202 1067 magna
1222 983 1341 1046 dicitur
1360 1003 1448 1048 com·

271 1100 382 1179 parata
415 1113 489 1158 cum
521 1095 564 1158 iis
598 1114 680 1178 quas
716 1096 789 1178 quis
825 1096 889 1158 iam
921 1094 987 1158 odit
1009 1094 1117 1178 rebus,
1139 1097 1199 1159 ic.
1224 1098 1326 1159 maior
1348 1116 1448 1179 qnam

272 1208 445 1291 quodiam
470 1209 554 1289 odit3
578 1210 613 1272 in
637 1209 777 1293 positivo
801 1209 911 1292 itaque
929 1207 1072 1285 μεγάλην
1084 1212 1258 1274 coniuncto
1270 1229 1345 1274 cum
1357 1229 1449 1294 prae-

272 1323 432 1408 positione
455 1321 624 1403 rapiciani
648 1325 733 1388 inest
755 1325 973 1407 comparativa
996 1318 1072 1408 vis).

315 1435 470 1501 Plurimis
503 1442 611 1502 autem
646 1437 725 1502 locis
759 1437 954 1521 praepositio
991 1435 1076 1516 παρὰ
1109 1455 1148 1502 eo
1182 1456 1281 1501 sensu
1316 1437 1356 1501 de
1382 1456 1449 1520 quo

273 1550 412 1614 dicimus
435 1557 592 1635 usurpata
611 1555 669 1633 est,
681 1550 798 1614 additis
812 1551 1049 1633 comparativis,
1062 1552 1157 1614 cuius
1170 1569 1252 1614 usus
1263 1548 1450 1615 Herodotus

274 1682 404 1747 quoque
416 1662 546 1729 adhibet
557 1663 742 1748 exemplum
754 1665 799 1748 (7,
814 1664 904 1743 103);
918 1661 1048 1740 γενοίατ’
1061 1660 1098 1726 aa
1111 1685 1146 1726 π.
1160 1662 1338 1736 uitiatoris
1355 1661 1451 1744 Φύσιν

272 1775 432 1855 οίμείνονες.
455 1776 662 1859 Thucydides
682 1777 733 1842 bis
753 1779 797 1841 ita
812 1778 982 1861 usurpavit
992 1779 1262 1860 praepositionem
1276 1778 1318 1860 (l,
1331 1778 1386 1861 23,
1399 1779 1449 1856 3t:

274 1887 360 1964 ἡλίου
394 1888 547 1970 ἐκλείψεις
581 1888 760 1970 πυκνότεραι
785 1913 820 1953 π.
846 1889 888 1954 τοὶ
911 1890 944 1953 ἐκ
967 1893 1019 1954 τοῦ
1044 1893 1113 1969 πρίν
1139 1888 1253 1980 χρόνου,
1267 1889 1450 1968 μνημονευό-

274 2026 352 2082 μενα
385 1999 554 2082 ξυνέβησαν
588 2002 765 2091 (crebiores
800 2023 951 2088 quam,
985 2005 1005 2067 i.
1026 2022 1052 2069 c.
1087 2010 1287 2088 comparatae
1310 2024 1384 2069 cum
1409 2006 1452 2070 iis

273 2116 372 2183 rebus
407 2137 544 2202 quarum
581 2137 622 2182 ex
657 2117 878 2202 superioribus
909 2116 1109 2202 temporibus
1139 2115 1378 2205 meminerant),
1401 2117 1453 2206 (4,

273 2233 305 2316 6,
339 2227 390 2317 l):
426 2230 542 2310 χειμὼν
576 2230 783 2309 ἐπιγενόμενος
817 2228 928 2310 μείζων
962 2253 998 2293 π.
1033 2230 1088 2304 την
1122 2230 1342 2304 καθεστηκυῖαν
1376 2229 1452 2314 ιῗίραν

272 2342 393 2431 (hiems
427 2345 529 2409 maior
552 2364 648 2428 quam
673 2364 730 2429 pro
754 2346 832 2408 anni
855 2351 1017 2428 tempore;
1043 2346 1146 2408 maior
1168 2352 1351 2428 comparata
1373 2366 1450 2411 cum

272 2459 350 2522 anni
380 2458 544 2543 tempore).
576 2459 675 2542 Apud
698 2457 866 2524 Platonem
890 2460 1019 2543 saepius
1044 2459 1122 2523 haec
1145 2459 1336 2544 significatio
1359 2462 1452 2526 inve-

272 2574 363 2638 nitur
385 2572 438 2658 (cf.
461 2572 539 2659 Rep.
562 2594 591 2658 p.
616 2573 681 2638 468
705 2573 746 2654 03
771 2572 906 2638 Phaedr.
930 2594 960 2658 p.
984 2574 1049 2638 236
1073 2573 1119 2652 Β;
1144 2574 1233 2659 e.a.).

317 2687 405 2753 Haec
439 2689 568 2772 aliaque
603 2690 751 2774 exempla
786 2688 897 2753 laudat
930 2687 1011 2770 Rau,
1048 2688 1168 2771 quibus
1200 2687 1273 2751 addi
1297 2694 1453 2772 poterunt

274 2801 441 2866 Plutarchi
475 2803 638 2887 exempla:
675 2801 721 2890 (p.
754 2804 842 2890 1046·
863 2801 928 2890 D):
954 2808 1010 2876 τῆς
1033 2799 1133 2866 οἴίδίου
1157 2800 1348 2880 εὐδαιμονίας
1371 2802 1451 2883 αίρε-

276 2913 408 2997 τυτέρας
442 2913 598 2994 γινομένης
632 2939 666 2979 π.
703 2915 756 2988 την
786 2915 957 2997 οίμεριαίαν,
988 2914 1034 3003 (p.
1060 2917 1124 2981 933
1149 2913 1206 3003 0):
1232 2917 1269 2989 ὥς
1292 2915 1334 2981 τα
1357 2916 1452 2997 όερμόι

277 3052 312 3093 π.
348 3029 390 3094 τοὶ
424 3028 536 3111 ψυχροί
567 3029 725 3112 όερμότερα
756 3029 808 3095 καὶ
832 3028 891 3104 τοὶς
914 3030 1019 3105 ἡδονόις
1043 3053 1077 3093 π.
1103 3029 1173 3102 τοὺς
1198 3030 1301 3104 πόνους
1323 3030 1451 3112 σφοδρο-

276 3143 373 3225 τέρας,
398 3139 474 3210 οὕτυ
496 3144 539 3209 τοὶ
564 3144 698 3227 λαμπροὶ
722 3144 882 3226 Φαίνεσόαι
907 3168 942 3209 π.
967 3144 1009 3210 τόν
1032 3143 1171 3209 σκοτεινόν
1195 3142 1322 3225 φανεροί.

319 3258 358 3322 Ιιι
392 3257 486 3324 Νοιο
519 3259 721 3324 Testamento
757 3279 890 3344 quoque
924 3260 1082 3324 nonnulla
1105 3264 1279 3323 occurrunt
1303 3259 1454 3342 exempla

276 3373 375 3438 huius
410 3393 508 3454 usus;
543 3374 684 3458 legimus
718 3375 804 3439 enim
839 3375 874 3437 in
908 3373 1031 3459 nvang.
1056 3373 1162 3438 Lucae
1185 3370 1222 3459 (3
1237 3394 1244 3436 :
1260 3369 1333 3459 13):
1357 3371 1452 3450 μηδὲν

276 3483 369 3550 πλόον
401 3508 436 3549 π.
461 3487 494 3551 τὸ
519 3485 756 3565 διατεταγμένα
779 3486 849 3566 ὑμῖν
874 3487 1027 3570 πρόσσετε
1050 3486 1151 3568 (Nihil
1175 3486 1313 3569 amplius
1336 3505 1451 3570 exege-

275 3601 345 3665 ritis
381 3620 479 3683 quam
515 3601 602 3684 quod
638 3600 729 3665 vobis
760 3603 972 3666 constitutum
1004 3606 1080 3682 est);
1106 3601 1140 3664 in
1164 3600 1265 3684 Epist.
1289 3599 1329 3663 ad
1352 3598 1451 3664 Hebr.

278 3715 394 3796 (3:3):
432 3713 565 3789 πλείονος
595 3711 683 3790 δόξης
714 3709 797 3788 οὗτος
830 3738 864 3778 π.
889 3718 1020 3789 Medeia
1044 3711 1181 3790 ἠξίωται,
1204 3715 1236 3796 (9
1253 3715 1343 3795 :23):
1368 3712 1452 3777 αὐτοὶ

154 3821 159 3836 '
280 3827 321 3892 τὰ
356 3825 517 3909 ἕπουροίνια
550 3826 714 3907 κρείττοσιν
749 3826 864 3900 όυσίαις
900 3827 984 3908 παροὶ
1015 3825 1144 3900 ταιίτας,
1177 3828 1317 3906 (11:4):
1351 3824 1451 3890 πίστει

280 3938 407 4006 πλείονα
442 3939 542 4005 όυσίαν
578 3938 687 4018 ’Ἅβελ
723 3963 758 4004 π.
794 3937 869 4005 Κοίίν
904 3940 1100 4020 προσήνεγκεν
1131 3940 1173 4021 τῷ
1197 3940 1259 4020 όεῷ,
1290 3941 1344 4022 (12
1358 3962 1364 4004 :
1379 3941 1451 4020 24):

280 4051 391 4134 αίματι
416 4057 578 4137 ῥαντισμοῦ
603 4060 736 4135 κρεῖττον
762 4058 905 4120 λαλοῦντι
930 4078 964 4118 π.
990 4053 1038 4118 τόν
1061 4052 1180 4132 ’Ἅβελ

325 4168 502 4234 Videamus
526 4169 613 4234 locos
637 4169 756 4254 quibus
780 4168 911 4235 Cassius
935 4167 998 4233 Dio
1017 4170 1284 4253 praepositionem
1306 4166 1390 4247 rapit
1408 4169 1452 4231 ita

260 4284 451 4367 ,usurpavit
473 4285 678 4349 coniunctam
703 4303 776 4347 cum
801 4285 1035 4368 comparativo:

327 4396 364 4462 fr.
391 4399 443 4481 18,
467 4399 504 4464 3:
529 4395 677 4481 παρρησίρ
702 4395 816 4462 πλείονι
844 4396 914 4478 πρὸς
937 4397 1026 4461 αὐτὸν
1049 4397 1105 4482 (sc.
1130 4396 1181 4461 riv
1200 4393 1315 4482 όμιλον)
1335 4419 1369 4459 π.
1383 4394 1453 4470 τοὺς
