3400 5212
828 543 868 607 71

309 726 380 788 Arr.
404 726 507 791 Anab.
532 730 560 812 1,
585 729 613 810 l,
638 730 674 792 2:
699 728 793 793 αἰτεῖν
818 731 889 810 παρ’
914 733 1012 796 αὐτῶν
1036 734 1090 808 τὴν
1114 733 1285 812 ἡγεμονίαν.

308 839 503 906 Plutarchus
528 843 656 926 saepius
679 843 724 906 ita
746 843 807 906 hoc
829 843 965 910 verbum
993 848 1170 930 usurpavit.

308 953 405 1038 Apud
440 956 615 1019 Arrianum
650 953 772 1043 (Anab.
810 959 838 1040 6,
871 959 920 1041 15,
954 957 990 1045 5)
1014 960 1091 1025 haee
1114 960 1286 1026 habemus:
1313 959 1382 1026 οὔτε
1405 987 1435 1026 τι

265 1067 368 1146 ᾐτήκει
393 1065 427 1142 ἐξ
450 1065 658 1148 Ἀλεξάνδρου.

307 1180 466 1266 Theognis
502 1180 601 1269 (556)
631 1185 867 1268 praepositione
894 1185 967 1265 πρὸς
992 1206 1072 1251 usus
1097 1191 1161 1252 est:
1187 1188 1345 1268 πρὸς...
1370 1191 1437 1254 θεῶν

263 1294 358 1357 αἰτεῖν
381 1292 502 1359 ἔκλυσιν
526 1294 692 1361 οὶθανοὲταν.

306 1407 450 1473 Medium
484 1429 588 1494 genus
623 1411 768 1476 αἰτεῖσθαι
802 1412 868 1478 fere
900 1433 1026 1499 semper
1057 1418 1327 1500 praepositionem
1352 1419 1435 1498 ταρὰ

263 1523 411 1588 adsciscit
441 1526 486 1587 ita
517 1529 553 1587 ut
576 1523 726 1588 αἰτεῖσθαί
747 1549 777 1588 τι
804 1523 887 1606 παρα
912 1550 989 1598 τινος
1011 1533 1159 1592 occurrat
1182 1530 1294 1596 multis
1317 1531 1436 1597 locise

263 1636 384 1720 quibus
408 1657 510 1720 pauca
533 1637 680 1702 afferam:

308 1749 391 1814 Xon.
416 1750 488 1832 Cyr.
515 1753 543 1834 l,
567 1754 596 1834 6,
622 1755 656 1814 ὃς
682 1752 831 1817 αἰτεῖσθαι
855 1753 981 1830 τοὶγαθόι
1005 1753 1089 1835 ταρὰ
1114 1759 1171 1820 τῶν
1195 1757 1270 1821 θεῶν.
1435 1831 1437 1835 ,

307 1862 392 1928 Xon.
422 1865 525 1929 Anah.
560 1868 588 1943 2,
610 1867 640 1946 3,
667 1867 724 1929 18:
760 1866 844 1946 ταρα
869 1865 1022 1945 βασιλέως
1042 1868 1222 1942 αῐτήοασθοιι
1247 1870 1344 1934 δοῦναι
1359 1923 1366 1936 .
1383 1921 1388 1935 .
1405 1923 1434 1937 ,.

306 1977 390 2042 Xon.
414 1977 497 2044 Hell.
523 1981 551 2062 3,
578 1981 605 2064 l,
632 1982 670 2043 4:
696 1980 831 2060 ρ’τήσατο
855 1981 927 2061 παρ’
941 1981 1102 2055 Ἀθηναίων
1114 1983 1293 2063 τριακοσίους
1306 1984 1433 2056 ἱττὲας.

307 2092 431 2157 Andoc.
468 2094 507 2158 de
542 2099 636 2175 myst.
674 2096 754 2158 119:
791 2095 877 2172 ὑμεῖς
911 2120 952 2172 με
985 2096 1056 2176 παρ’
1084 2096 1164 2174 ὑμῶν
1185 2098 1284 2163 αὐτῶν
1306 2097 1434 2172 αἰτησα-

263 2228 342 2281 ριενοι
375 2205 501 2270 σώσατε.
527 2207 564 2271 cf.
589 2208 737 2292 Apollod.
763 2209 792 2292 3,
818 2210 845 2291 l,
869 2210 906 2290 3;
932 2210 961 2291 3,
986 2212 1015 2293 6,
1039 2212 1077 2291 83
1101 2209 1163 2276 Dio
1188 2210 1300 2294 Chrys.
1323 2233 1366 2277 or.
1392 2215 1433 2276 33

261 2339 291 2401 p.
316 2321 375 2381 381
404 2325 435 2384 et
457 2320 533 2384 alibi
558 2340 661 2406 saepe.

306 2431 390 2498 Raro
415 2453 489 2498 oum
513 2436 749 2519 praepositione
771 2435 833 2499 ατο
853 2437 1070 2500 coniunctum
1091 2439 1240 2520 occurrit,
1264 2457 1290 2503 e.
1302 2459 1331 2523 g.
1348 2439 1434 2524 apud

262 2544 472 2610 Plutarchum
509 2544 629 2633 (Galba
665 2545 739 2634 20):
771 2546 813 2611 rei
837 2532 892 2625 μὲν
915 2547 1089 2626 αἰτούμενος
1112 2549 1176 2612 cieri
1201 2550 1424 2634 αὐτοαροὶτορος.

306 2651 473 2724 Obieotum
510 2663 638 2744 saepius
669 2666 772 2725 totum
804 2664 1008 2727 enuntiatum
1032 2663 1258 2748 complectitur
1280 2670 1433 2731 coniunc-

262 2774 348 2838 tione
372 2774 589 2858 antecedente,
612 2793 637 2839 e.
651 2795 680 2859 g.
704 2774 852 2858 Apollod.
881 2775 906 2858 l,
931 2779 960 2858 9,
986 2777 1042 2840 15:
1065 2775 1199 2856 ᾐτήσατο
1221 2778 1305 2858 ταρα
1318 2782 1432 2860 Μοιρῶν

264 2882 309 2949 ἵνα
324 2934 329 2948 .
346 2936 353 2949 .
368 2935 397 2950 ..
434 2885 572 2968 ἀπολυθῇ
608 2891 660 2950 τοῦ
695 2886 830 2951 θανατον.
864 2888 926 2953 Sed
950 2890 1028 2954 haec
1051 2891 1179 2974 aliaque
1203 2911 1286 2975 quae
1310 2892 1349 2956 de
1373 2894 1433 2957 hoc

261 3000 358 3065 verbo
382 3007 520 3086 possunt
544 3002 616 3084 dici,
639 3003 679 3066 ad
702 3003 976 3087 praepositionum
1001 3023 1096 3068 usum
1118 3005 1250 3069 minime
1262 3009 1433 3089 pertinent,

262 3115 467 3197 quamobrem
493 3135 530 3181 oa
555 3117 655 3180 mitto.

304 3224 338 3312 b)
372 3226 465 3304 Quod
496 3229 537 3293 ad
567 3230 670 3313 ipsius
694 3228 797 3293 Cassii
819 3227 934 3294 Dionis
958 3250 1054 3295 usum
1077 3229 1166 3295 vorbi
1190 3231 1286 3295 αἰτεῖν
1309 3235 1432 3315 attinet,

260 3341 337 3405 haec
372 3347 449 3406 sunt
481 3361 563 3426 quae
597 3343 702 3407 dicere
736 3342 855 3407 habeo:
891 3342 1049 3408 Absolute
1070 3350 1261 3429 usurpatum
1285 3346 1432 3412 videmus

260 3455 312 3518 hic
345 3456 411 3519 illic
446 3455 570 3521 obiecto
601 3458 720 3522 omisso
743 3476 803 3522 nec
826 3475 963 3542 persona
986 3457 1094 3521 addita
1118 3478 1136 3521 a
1161 3479 1227 3543 qua
1249 3459 1327 3543 quid
1351 3463 1430 3545 peti-

260 3572 322 3650 tur,
354 3587 379 3633 e.
398 3590 427 3654 g.
458 3569 495 3634 fr.
523 3571 573 3654 18,
599 3572 634 3634 5:
660 3571 825 3651 διαλαχεῖν
848 3569 897 3634 τὸν
921 3576 1002 3635 σῖτον
1027 3567 1124 3652 ὥσπερ
1149 3572 1245 3653 ᾔτουν.
1272 3573 1429 3657 Adpcsito

260 3681 392 3765 obiecto,
414 3686 532 3749 omissa
556 3689 662 3749 autem
685 3704 821 3770 persona
845 3687 974 3769 saepius
998 3664 1126 3770 legitur,
1149 3705 1174 3750 e.
1186 3707 1215 3770 g.
1239 3685 1276 3750 fr.
1297 3687 1370 3769 104,
1391 3689 1429 3751 4;

260 3795 435 3875 γράμματα
470 3797 545 3878 ᾔτει.
581 3797 662 3863 Cum
700 3799 827 3864 duobus
862 3801 1055 3864 accusativis
1086 3819 1158 3864 raro
1189 3800 1371 3865 invenitur:
1396 3802 1430 3864 in

257 3910 392 3993 legendo
418 3911 505 3975 hunc
529 3912 679 3976 adnotavi
702 3913 808 3977 locum
834 3911 902 4000 (11,
927 3915 978 3996 33,
1003 3911 1056 4000 2):
1083 3911 1429 3993 wirecestrensis

260 4023 380 4100 βουλήν.
417 4025 611 4110 Saepissime
645 4032 751 4091 autem
776 4026 871 4091 αἰτεῖν
895 4051 925 4090 τι
952 4025 1037 4107 παρα
1061 4050 1138 4100 τινος
1162 4025 1273 4114 (aliam
1298 4045 1430 4112 praepo·

258 4140 406 4204 sitionem
430 4159 495 4204 non
519 4137 647 4226 inveni)
671 4141 798 4225 legitur,
820 4159 952 4225 nempe:

300 4251 337 4315 fr.
363 4253 413 4335 57,
438 4255 496 4316 14;
525 4252 675 4334 χρήματα
699 4252 751 4318 καὶ
775 4251 964 4334 στρατιώτας
988 4276 1023 4316 τ.
1048 4255 1146 4318 αὐτῶν
1170 4254 1245 4335 ᾔτει.

302 4367 354 4447 49,
379 4366 430 4449 33,
454 4368 490 4430 4;
518 4365 708 4456 στρατιώτας
731 4391 766 4430 τ.
792 4371 844 4431 τοῦ
869 4367 1006 4448 ἀδελφοῦ
1030 4366 1144 4447 ᾐτήκει.

301 4479 353 4562 47,
379 4479 429 4563 17,
454 4481 489 4542 6:
514 4477 568 4552 τὴν
591 4487 646 4555 τῆς
666 4479 795 4553 Ἀττίας
807 4479 952 4544 οὐσίαντ.
965 4480 1124 4545 αὐτοῦτοῦ
1137 4479 1281 4561 Καίσαρος
1293 4480 1427 4553 αἰτῆσαι.
