3378 5222
820 471 862 537 18

254 658 313 724 ὑπὸ
331 663 389 724 τῶν
408 657 533 741 niualem
554 660 735 745 significare
755 662 840 725 enim
861 660 1027 726 videntur:
1050 680 1180 727 oausam
1201 663 1285 728 dixit
1307 665 1427 747 apud

252 793 340 857 suos,
361 776 407 840 ita
430 780 466 839 ut
487 772 554 838 fere
579 775 732 858 loquendi
756 775 845 839 notio
868 774 975 839 inesse
1000 775 1168 860 videatur]
1470 752 1473 760 ¹

296 886 481 972 Sequuntur
523 887 638 952 deinde
681 907 719 952 ea
761 888 859 952 verba
895 907 978 972 quae
1019 889 1274 954 iudioandi
1308 891 1426 956 habent

228 1045 231 1051 -
253 1003 426 1086 notionem,
450 1013 647 1087 quamquam
670 1001 886 1067 forensis
911 1021 1024 1066 usus
1047 1003 1314 1090 prorsus-abeam
1337 1023 1425 1088 prae-

245 1117 367 1200 positio
409 1121 519 1181 autem
566 1116 727 1198 „arbitria
767 1117 888 1181 iudioio
931 1116 1092 1182 alieuius”
1134 1116 1310 1201 signifieat3
1354 1118 1425 1182 dieo

252 1248 385 1314 nempe:
1274 1219 1276 1229 ⁴

298 1344 349 1427 56,
374 1345 404 1426 2,
428 1344 466 1407 5:
492 1343 563 1423 παρ’
588 1341 708 1416 ἐκείνοις
730 1342 788 1427 (so.
813 1347 875 1415 τοῖς
898 1342 984 1428 θεοῖς)
1008 1342 1101 1408 καλὸν
1124 1337 1198 1408 εἶναι
1219 1342 1358 1409 δέδοκται
1372 1342 1424 1408 aa}

252 1454 354 1535 γάμος
377 1456 429 1521 aar
452 1454 597 1530 τέκνωσις.
703 1473 705 1480 ’

297 1573 350 1655 63,
364 1573 462 1654 17,2;
477 1571 554 1634 πᾶσι
569 1593 604 1634 π.
617 1570 700 1650 αὐτῷ
712 1568 851 1648 δημόσιον
863 1567 1010 1649 ἔγκλημα
1023 1565 1056 1644 ἦν
1067 1571 1158 1651 ἀρετή
1172 1595 1207 1636 τε
1218 1570 1270 1635 καὶ
1283 1575 1422 1646 πλοῦτος.

297 1686 348 1768 77,
371 1686 424 1769 20,
447 1687 485 1748 4:
512 1680 628 1758 εὔδοξον
653 1707 687 1748 π.
712 1683 813 1756 αὐτοῖς
836 1681 986 1764 invariare
1008 1684 1081 1769 (ubi
1104 1685 1142 1748 of.
1166 1685 1250 1751 Xon.
1275 1684 1371 1750 Mem.
1397 1688 1426 1769 1,

251 1799 281 1882 6,
307 1801 366 1880 133
391 1801 421 1882 2,
445 1799 475 1880 3,
500 1796 573 1881 15);

295 1910 358 1975 Hie
389 1911 582 1995 praepositio
612 1908 679 1974 fere
709 1927 947 1992 supervacanea
969 1927 1040 1974 esse
1064 1910 1200 1993 videtur,
1226 1931 1424 1996 quamquam

250 2045 316 2088 non
350 2025 436 2090 idem
471 2030 519 2088 eet
557 2022 629 2104 παρ’
661 2019 781 2095 ἐκείνοις
811 2024 898 2107 quod
928 2020 1046 2096 ἐκείνοις
1076 2022 1125 2107 (in
1148 2026 1252 2108 primo
1276 2026 1424 2110 exemplo

249 2137 411 2222 laudato):
1217 2197 1220 2200 .

295 2251 493 2336 Praepositio
528 2251 613 2314 enim
650 2248 819 2334 signifieat,
843 2251 999 2315 actionem
1025 2251 1186 2335 quandam
1210 2253 1257 2316 ita
1279 2270 1421 2336 compro-

250 2365 320 2430 bari
343 2366 394 2430 vel
416 2364 591 2449 improbari
614 2363 653 2429 ab
677 2364 796 2448 aliquo,
819 2368 856 2429 ut
880 2384 949 2429 mos
972 2365 1104 2450 quidam
1129 2367 1181 2430 vel
1202 2367 1421 2431 lexvelinsti·

250 2485 358 2544 tutum
392 2480 426 2543 in
462 2480 581 2563 populo
617 2479 794 2543 eonciliove
828 2478 980 2544 laudatur
1015 2485 1072 2544 aut
1102 2479 1302 2564 improbatur
1324 2499 1421 2564 penes

250 2613 332 2678 quos
356 2593 395 2657 de
418 2593 488 2676 lege
511 2593 739 2658 constituenda
762 2592 932 2657 arbitrium
956 2598 1021 2674 est;
1046 2595 1131 2659 inest
1153 2596 1186 2657 in
1206 2594 1314 2659 verbis
1333 2595 1421 2658 notio

249 2708 338 2792 legis,
370 2725 453 2791 quae
476 2709 558 2791 regit
582 2708 724 2771 artiones
746 2725 973 2790 personarum
998 2709 1107 2792 itaque
1130 2709 1321 2772 eonferenda
1344 2712 1422 2772 sunt

248 2840 285 2886 ea
309 2820 416 2903 verbe,
439 2840 522 2905 quae
544 2820 759 2903 laudavimus,
781 2821 954 2886 coniuncta
978 2841 1052 2886 oum
1073 2823 1306 2906 praepositione
1326 2819 1419 2901 παρὰ,

249 2933 450 3018 significante
484 2935 620 3019 populos
650 2935 849 3020 regionesve,
871 2936 905 2998 in
931 2934 1050 3018 quibus
1075 2954 1189 3018 mores,
1211 2935 1306 3020 leges,
1329 2935 1420 3000 insti-

248 3053 318 3113 tuta
343 3049 459 3114 valent.

292 3161 331 3225 In
356 3163 495 3247 singulis
518 3162 674 3245 exemplis
698 3180 813 3247 operae
836 3164 975 3246 pretium
999 3167 1048 3227 est
1070 3164 1242 3247 exquirere
1261 3181 1419 3247 quaenam

248 3275 423 3360 significari
446 3275 593 3341 videatur
616 3276 728 3340 relatio
751 3278 836 3340 inter
859 3295 933 3341 eum
958 3277 1014 3360 qui
1039 3280 1106 3362 agit
1128 3281 1226 3361 atque
1237 3296 1312 3343 eum
1325 3279 1420 3341 ouius

248 3408 366 3454 nomen
389 3409 463 3455 oum
487 3391 724 3474 praepositione
747 3391 965 3474 coniungitur.

291 3504 363 3569 'Pria
398 3522 481 3588 quae
516 3510 660 3569 extremo
684 3503 755 3568 looo
779 3503 852 3568 dedi
875 3504 1023 3588 exempla
1041 3523 1079 3569 eo
1103 3525 1168 3598 quo
1190 3505 1285 3569 attuli
1308 3505 1420 3569 ordine

247 3619 411 3702 aptissima
445 3625 523 3683 sunt
556 3617 596 3683 ad
630 3617 927 3701 demonstrandum,
962 3619 1067 3702 qualis
1103 3620 1145 3684 sit
1176 3620 1420 3703 praepositionis

249 3729 333 3813 rapui
367 3733 416 3797 vis
449 3734 485 3796 in
520 3731 643 3797 Dioneo
678 3750 836 3797 sermone.
870 3731 978 3796 Verba
1014 3732 1099 3811 παρὰ
1134 3738 1196 3806 τοῖς
1226 3731 1298 3805 θεοῖς
1328 3730 1420 3796 καλὸν

247 3843 384 3909 δέδοκται
420 3847 460 3912 ad
491 3846 712 3931 antiquiorum
743 3865 838 3910 usum
863 3847 1009 3930 proxime
1032 3845 1204 3911 aooedunt:
1242 3849 1287 3910 iu
1323 3846 1420 3910 deo·

246 3979 342 4024 rum
376 3965 512 4024 coetu
549 3959 787 4044 probatur.

291 4073 440 4138 Alterum
471 4074 657 4157 exemplum
688 4073 764 4138 lieet
786 4073 872 4138 haud
894 4074 990 4158 longe
1014 4073 1146 4158 quidem
1170 4094 1189 4139 a
1211 4074 1334 4138 forensi
1357 4093 1419 4139 usu

247 4187 351 4270 distet,
374 4205 468 4252 nemo
491 4193 597 4252 tamen
621 4207 687 4253 non
710 4186 797 4252 videt
821 4189 984 4271 exquisite
1008 4188 1071 4252 diei
1092 4185 1420 4268 repeterentque

247 4295 280 4374 ἦν
303 4298 394 4382 ἀρετὴ
418 4305 454 4366 ut
477 4301 638 4367 indicetur
662 4304 768 4387 ipsum
792 4301 953 4366 Neronem
977 4321 1042 4367 non
1067 4307 1194 4367 tantum
1218 4303 1313 4367 modo
1336 4301 1419 4366 arbi-

246 4418 333 4506 trum
358 4414 540 4480 iudicemve
559 4415 615 4480 sed
637 4422 855 4480 accusatorem
880 4435 1010 4500 quoque
1030 4415 1121 4500 probi
1141 4417 1302 4500 ouiusque
1322 4417 1419 4482 exsti-
