3378 5222
845 545 879 586 Vl

270 753 335 794 eam
354 739 469 812 partem
490 735 649 810 omisimus,
668 735 700 793 iu
721 735 824 794 ceteris
843 738 942 793 autem
960 732 1061 792 ordine
1080 736 1192 791 mutato
1210 731 1452 810 praepositionem

275 852 358 932 παρὰ
389 871 455 910 cum
482 851 583 912 dativo
603 852 786 911 coniunctam
805 851 900 928 primo
920 851 982 909 loco
1003 848 1201 934 adhibuimus,
1221 849 1359 926 quoniam
1379 848 1452 908 dati·

249 945 326 1030 *vus
353 987 436 1027 casus
466 967 654 1046 quietem
684 967 803 1042 indicat,
823 966 955 1044 genitivo
978 984 1049 1026 vero
1070 969 1100 1025 et
1121 965 1287 1025 accusativo
1317 970 1453 1025 motus

270 1086 461 1164 significatur,
482 1090 535 1143 aut
555 1103 573 1142 a
593 1084 742 1162 cuiusdam
763 1085 856 1143 latere
875 1092 927 1142 aut
947 1083 984 1141 ad
1005 1081 1151 1161 quandam
1170 1101 1322 1160 personam
1341 1101 1451 1143 remve.

310 1203 451 1264 Omnibus
482 1201 625 1279 exemplis
655 1201 808 1279 exscriptis
837 1207 925 1280 atque
954 1201 985 1259 iu
1015 1199 1145 1259 ordinem
1173 1200 1307 1276 redactis,
1327 1200 1453 1259 adiimus

270 1320 424 1398 scriptores
444 1323 563 1392 ceteros,
584 1317 728 1395 imprimis
748 1317 949 1394 Thucydidem
970 1321 1000 1376 et
1020 1315 1211 1392 Herodotum,
1230 1335 1301 1394 quos
1320 1314 1451 1376 Cassium

269 1435 393 1494 Dionem
413 1434 503 1494 semel
521 1434 686 1512 iterumque
707 1433 853 1492 imitatum
868 1415 936 1492 esse
956 1437 1079 1508 constat,
1100 1451 1159 1509 qua
1179 1432 1210 1490 iu
1227 1450 1260 1491 re
1277 1433 1360 1492 nobie
1370 1433 1451 1493 viam

270 1551 459 1612 ostenderunt
488 1520 548 1612 viri
578 1551 654 1610 docti
685 1551 723 1610 A.
754 1551 791 1609 R.
823 1550 925 1608 Anam
953 1555 983 1608 et
1003 1551 1040 1609 R.
1061 1550 1209 1626 Hunamc,
1230 1568 1355 1626 quorum
1376 1551 1452 1609 alter

271 1668 430 1746 composuit
459 1668 569 1727 librum
602 1667 655 1744 „de
684 1687 739 1726 usu
769 1666 989 1745 praepositionis
1020 1666 1105 1746 rapis
1133 1665 1211 1743 apud
1230 1663 1452 1742 Thucydidem'

269 1784 429 1862 (Upsaliae.
454 1785 553 1858 1873),
574 1783 649 1842 alter
669 1787 738 1841 ante
759 1787 819 1842 tres
839 1802 931 1842 anuos
952 1785 1067 1862 scripsit
1090 1784 1199 1843 librum
1221 1783 1449 1860 copiosissimum
1470 1850 1471 1853 Ἴ

272 1901 346 1978 „Die
363 1899 583 1978 Prcpositionan
604 1899 651 1958 bei
671 1898 803 1958 Herodot
822 1900 882 1959 und
903 1900 1013 1959 andern
1034 1897 1244 1960 Historikern'’
1256 1899 1451 1975 (Wiiruburg.

270 2018 370 2092 1904).
390 2015 616 2094 Praepositiouis
637 2014 722 2094 crepis
742 2034 829 2074 usum
849 2015 1046 2092 Polybiauum
1057 2016 1452 2094 Xenophonteumqueeccu·

269 2137 334 2190 rata
365 2149 452 2208 opera
478 2131 660 2191 illustratum
680 2132 848 2193 invenimus
867 2133 898 2191 iu
919 2133 1054 2210 operibus
1074 2132 1207 2193 virorum
1228 2131 1374 2192 doctorem
1396 2133 1451 2191 Fu.

269 2249 371 2307 Karna
402 2249 476 2324 „Die
506 2249 725 2326 Prhpositioueu
758 2249 804 2309 bei
833 2247 995 2326 Polybius”
1027 2249 1222 2328 (Wiirzburg.
1252 2249 1343 2328 1882)
1365 2254 1395 2308 et
1415 2249 1451 2308 F.

269 2365 439 2424 wmmmn
488 2366 561 2442 „Die
592 2366 810 2444 Prepesitiouen
842 2367 888 2427 bei
919 2365 1102 2444 Xenophcn”
1133 2365 1370 2445 (Jahresbericht
1401 2365 1451 2425 des

270 2483 389 2560 Kdnigl.
419 2481 529 2559 Gymn.
560 2483 592 2542 iu
622 2484 825 2543 Freienwalde
856 2505 883 2544 a.
914 2484 993 2545 Oder
1014 2485 1115 2562 1891).
1137 2456 1449 2561 ceter-emporio?

269 2600 400 2661 nonnihil
421 2601 526 2659 euxihi
547 2601 630 2660 uobis
657 2601 820 2661 attulerunt
840 2602 871 2660 in
892 2601 1080 2679 exquirendis
1100 2601 1256 2679 exemplis3
1277 2601 1365 2661 laudo
1387 2601 1451 2678 „lu-

268 2718 360 2777 dicem
390 2717 587 2778 Isocrateum”
619 2737 706 2795 quem
737 2718 897 2796 composuit
918 2717 1093 2778 Smuusncs
1115 2718 1227 2777 Pauuss
1248 2718 1363 2798 (1904),
1387 2717 1452 2796 „In-

269 2836 361 2894 dioem
387 2834 662 2896 Demosthenicum'’
682 2836 719 2895 ab
740 2835 840 2895 eodem
862 2836 1052 2914 compositum
1072 2836 1183 2913 (1892),
1208 2834 1354 2912 „Indicam
1373 2835 1451 2896 Thu·

269 2950 443 3030 cydideum’'
475 2972 561 3030 quem
593 2953 684 3012 edidit
715 2953 756 3013 M.
778 2953 817 3013 H.
838 2953 877 3012 N.
899 2969 958 3012 vos
979 2953 1073 3011 Esses
1095 2951 1210 3030 (1897).
1233 2952 1294 3012 Vix
1314 2972 1386 3029 opus
1407 2957 1451 3012 est

269 3070 363 3130 dicere
400 3089 453 3129 uos
483 3069 650 3130 adhibuisse
682 3070 911 3148 „Ausiiihrlichc
942 3069 1128 3130 Grammatih
1159 3069 1212 3128 der
1242 3068 1451 3130 Griechischeu

269 3184 398 3264 Sprache
417 3205 477 3245 vou
498 3187 551 3247 Dr.
572 3187 717 3246 Rseuesu
737 3186 899 3261 Kiinuca”‚
920 3187 1002 3246 cuius
1023 3186 1146 3245 alteram
1163 3190 1277 3264 partem
1294 3187 1385 3247 edidit
1397 3187 1450 3247 Dr.

269 3304 384 3363 Banna.
416 3301 531 3378 Garun,
560 3303 704 3390 Passowrr
735 3303 850 3364 lexicon
883 3310 913 3362 ct
933 3304 1064 3362 Huuarcr
1085 3301 1235 3364 Srurnnnr
1257 3302 1450 3364 Thesaurum.

309 3421 458 3480 Postremo
481 3421 626 3497 „Lexicon
646 3420 909 3482 Graecohatiuum
930 3422 962 3480 in
979 3421 1069 3481 libros
1089 3421 1168 3482 Novi
1186 3422 1365 3482 Testamenti
1376 3425 1451 3495 (auc-

268 3543 331 3598 tore
361 3537 393 3598 0.
415 3539 448 3598 L.
471 3537 521 3602 W.
544 3538 663 3615 Garun,
695 3539 810 3617 Lipsiae
843 3540 930 3616 1903)
949 3538 1147 3598 consuluimus
1165 3543 1200 3598 ut
1220 3540 1450 3618 perspiceremus

268 3655 411 3733 quomodo
430 3656 461 3715 iu
480 3655 566 3716 Novo
587 3656 773 3716 Testameuto
792 3657 967 3734 praepositio
990 3656 1074 3736 erepit
1094 3657 1227 3717 adhibita
1248 3663 1331 3717 esset.

307 3770 451 3848 Exempla
472 3789 546 3848 quae
566 3790 604 3830 cx
621 3770 794 3849 Thucydide
807 3772 955 3833 Herodoto
966 3773 1092 3851 Polybio
1103 3773 1266 3849 attulimus,
1277 3773 1451 3852 plerumque

269 3886 367 3946 deberi
387 3888 451 3947 sive
472 3887 584 3948 Alviuo
606 3887 763 3965 Helbiugio
783 3888 908 3948 Krebsio
930 3889 992 3950 sive
1013 3889 1165 3966 Kiihnero,
1186 3907 1391 3967 saepenumero
1413 3907 1450 3947 cx

268 4002 410 4081 Stephani
431 4022 545 4082 quoque
565 4004 659 4064 lexico
678 4003 786 4065 hausta
806 4023 876 4082 esee,
898 4025 955 4064 uon
977 4005 1099 4083 singulis
1115 4006 1186 4065 locis
1207 4006 1316 4081 monui,
1334 4005 1383 4064 sed
1403 4004 1451 4063 hio

267 4125 370 4198 gratim
390 4140 523 4198 agnosco.

308 4238 438 4297 Locos
469 4239 656 4298 Dioneos
683 4239 828 4299 tribus
859 4238 987 4299 numeris
1017 4241 1184 4300 notavimus
1215 4241 1306 4318 (libri,
1339 4241 1451 4319 capitis,

268 4355 446 4434 paragraphi
468 4374 589 4416 numero
612 4357 711 4418 addito
733 4358 891 4418 secundum
911 4357 1066 4417 editionem
1087 4358 1381 4436 Boissevainieuam);
1401 4359 1451 4419 ubi

272 4473 349 4532 duo
376 4476 492 4531 tautum
514 4473 628 4533 numeri
649 4475 741 4534 additi
763 4480 841 4553 suut,
862 4475 1047 4554 cogitandum
1068 4478 1112 4534 est
1129 4474 1165 4534 de
1185 4475 1264 4553 locis,
1286 4494 1323 4535 ex
1345 4475 1452 4553 freg-
