3378 5222
818 525 860 588 28

296 711 455 788 Quoniam
486 717 593 775 autom
626 710 769 774 vidimus
805 712 838 774 in
871 730 934 775 usu
966 710 1066 774 dativi
1089 711 1319 794 praepositioni
1344 707 1429 790 παρα

250 825 396 889 adiuncti
430 843 611 888 sermonem
644 822 805 888 Dioneum
829 827 976 908 proxime
999 824 1151 889 accedere
1174 824 1214 888 ad
1239 843 1309 888 eam
1333 825 1429 887 ratio·

251 957 323 1003 nem
349 955 433 1020 quae
456 935 533 999 olim
556 942 724 1019 poetarum
748 938 915 1019 epicorum
939 938 1202 1020 tragicorumque
1222 943 1253 1002 et
1273 937 1429 1002 Herodoti

250 1049 437 1134 pracsertim
472 1050 601 1133 propria
634 1049 748 1133 iuerat,
780 1052 844 1114 iam
876 1050 1108 1134 inquirendum
1140 1057 1189 1115 θεῖ
1212 1057 1370 1135 quantum
1395 1052 1428 1113 in

249 1164 393 1248 genitivo
417 1161 478 1227 sibi
502 1162 599 1227 licere
624 1162 756 1228 Cassius
778 1165 946 1247 putavisse
968 1163 1124 1228 videatur.

296 1275 444 1361 Longum
479 1281 528 1340 θεῖ
562 1276 602 1340 de
635 1276 786 1341 omnibus
822 1277 1033 1361 scriptoribus
1065 1278 1178 1342 dicere.
1203 1277 1295 1342 Mitto
1319 1281 1430 1362 itaque

251 1391 417 1455 Platonem
453 1394 485 1454 et
519 1395 670 1454 oratores.
692 1388 808 1473 Neque
833 1409 908 1454 vero
932 1410 1047 1475 operae
1071 1393 1210 1476 pretium
1235 1399 1283 1456 est
1307 1392 1428 1457 subsis-

252 1515 318 1569 tere
351 1505 385 1567 in
421 1503 582 1568 eiusmodi
614 1503 812 1568 dictionibus
844 1505 957 1587 quales
988 1511 1064 1568 sunt
1088 1504 1101 1567 b
1126 1503 1211 1585 παρὰ
1235 1511 1290 1578 τῆς
1315 1504 1429 1578 πόλεως

253 1617 351 1696 λόγος,
374 1616 388 1680 o‘
407 1616 489 1697 παρα
509 1621 561 1680 ποῦ
581 1615 782 1697 δικαστηρίου,
803 1617 938 1701 (quibus
958 1618 1074 1682 addere
1085 1619 1161 1682 licet
1174 1619 1335 1703 Aristoph.
1347 1619 1429 1704 qu.

254 1731 335 1794 802:
358 1727 405 1794 ἵνα
428 1729 465 1795 σὺ
486 1730 542 1808 μὲν
561 1727 701 1810 αρπᾶζῖνς
713 1729 765 1794 καὶ
779 1730 937 1812 δωροδοκῇς
950 1730 1035 1812 παρα
1047 1735 1105 1795 τῶν
1120 1731 1248 1816 πόλεων)
1260 1734 1293 1796 in
1309 1733 1429 1817 quibus

252 1843 454 1910 substantiva
464 1843 554 1916 πόλις
566 1851 597 1909 ct
609 1843 794 1925 δικαστήριον
802 1864 956 1929 personas
964 1845 1146 1930 significare
1154 1866 1249 1911 nemo
1260 1866 1324 1911 non
1334 1847 1428 1911 videt.

253 1958 316 2023 Sed
335 1935 568 2042 praemittenda
580 1958 732 2022 videntur
743 1978 846 2042 pauca
858 1959 1015 2043 quaedam
1030 1960 1069 2024 de
1081 1959 1245 2024 Herodoto
1259 1980 1295 2024 ac
1306 1961 1430 2042 Thucy·

253 2072 327 2136 dide
352 2091 492 2156 quorum
505 2079 682 2155 utrumque
695 2072 843 2156 exemplo
854 2071 956 2136 fuisse
967 2070 1065 2136 Dioni
1077 2075 1161 2137 inter
1173 2093 1285 2138 omnes
1297 2079 1430 2138 constat.

262 2271 265 2280 ¹
297 2185 393 2269 Apud
417 2185 618 2250 Herodotum
643 2185 741 2249 semel
765 2191 891 2249 tautum
919 2183 1003 2265 παρα
1028 2205 1104 2250 oum
1126 2187 1269 2270 genitivo
1294 2189 1339 2252 rei
1361 2189 1428 2251 ina-

253 2301 360 2363 nimae
382 2299 592 2363 coniunctum
618 2299 768 2380 occurrit,
790 2295 907 2382 nempe
931 2279 1003 2362 VH.
1030 2301 1109 2362 183:
1135 2303 1239 2364 ταῦτα
1253 2350 1260 2364 .
1275 2348 1282 2363 .
1298 2348 1328 2365 ..
1355 2324 1428 2364 πνν-

253 2409 389 2476 θανονταν
415 2410 500 2492 παρὰ
524 2415 650 2492 πυρσῶν.

298 2525 458 2603 Quoniam
495 2527 593 2591 semel
629 2532 755 2590 tantum
789 2526 963 2607 invenitur,
985 2525 1045 2588 boc
1068 2526 1139 2588 loco
1163 2545 1319 2610 personae
1341 2527 1428 2592 fictio

253 2639 424 2706 statuenda
447 2659 518 2705 θεεθ
540 2640 686 2719 videtur3
710 2641 834 2723 poetice
857 2639 978 2702 dictum
1003 2638 1188 2704 Herodotus
1212 2641 1251 2705 de
1269 2642 1429 2707 industria

253 2733 437 2839 usurpavit,¹
463 2753 623 2818 adductus
654 2772 718 2817 usu
741 2751 832 2817 verbi
857 2753 944 2836 quod
967 2753 1115 2817 adhibuit
1139 2752 1345 2829 urebaturebat,
1370 2759 1428 2820 boc

155 2852 158 2858 ¹
254 2869 389 2934 verbum
414 2869 501 2933 enim
524 2871 641 2931 natura
665 2885 727 2929 uon
752 2885 819 2930 rem
844 2867 996 2931 adsciscit
1020 2867 1076 2932 sed
1100 2887 1280 2950 personam,
1303 2889 1345 2935 ex
1365 2892 1429 2956 qua

254 2986 328 3068 quis
362 2982 527 3066 cognoscit
562 2980 693 3064 aliquid.
718 2979 851 3064 Semper
875 2999 1004 3065 quoque
1030 2987 1061 3045 θῖ
1085 2981 1207 3066 ubique
1233 2982 1428 3048 urebaturebat

253 3118 327 3162 cum
362 3097 585 3182 personis
619 3096 829 3158 coniunctum
865 3097 1004 3158 occurrit
1038 3096 1107 3160 sive
1138 3097 1244 3160 addita
1268 3101 1428 3182 praeposi·

253 3214 339 3276 tione
374 3211 408 3274 ἐκ
439 3210 490 3274 vel
524 3207 608 3288 παρὰ
630 3209 699 3272 sive
722 3209 849 3272 omissa.
875 3210 991 3289 πυρσῶν
1014 3211 1124 3293 itaque
1147 3230 1204 3294 pro
1230 3209 1428 3291 πυρσευόντων

253 3346 291 3392 eo
324 3327 394 3389 loco
417 3328 609 3406 usurpatum
635 3340 705 3386 esse
729 3340 822 3386 nemo
846 3327 895 3386 est
919 3325 998 3406 quin
1023 3324 1206 3407 intellegat3
1231 3327 1427 3409 singularem

253 3459 350 3504 usum
374 3442 536 3522 praeterea
559 3434 752 3500 confirmant
774 3437 929 3500 inusitata
953 3439 1055 3520 signa,
1079 3457 1161 3520 quae
1180 3445 1338 3503 nocturno
1350 3445 1428 3505 tem·

253 3572 328 3637 pore
350 3549 482 3636 ignibus
505 3549 598 3614 factis
621 3549 789 3614 dabantur.
814 3548 932 3613 Nostro
955 3551 1066 3634 itaque
1085 3551 1155 3614 loco
1168 3571 1299 3634 prorsus
1313 3555 1429 3617 usitate

253 3687 289 3733 ae
323 3665 439 3731 babere
472 3664 599 3728 videtur
629 3663 661 3727 id
687 3664 774 3747 quod
796 3665 989 3747 posteriores
1007 3667 1184 3748 ¹scriptores
1209 3668 1297 3730 velut
1321 3667 1428 3730 Philo·

254 3786 374 3847 stratus
400 3779 611 3844 affectationis
635 3778 810 3862 cupiditate
832 3779 957 3842 incensi
981 3779 1190 3862 admiserunt,
1213 3799 1238 3843 e.
1251 3802 1280 3865 g.
1305 3783 1338 3844 in
1364 3784 1429 3844 vita

254 3894 419 3978 Apollonii
445 3893 491 3977 (4,
517 3891 588 3975 10);
614 3891 754 3966 διαθῆκαι
780 3914 814 3958 π.
840 3886 876 3954 ὧν
901 3889 1037 3971 ὑπάρχει
1062 3891 1177 3969 μαθεῖν,
1203 3892 1269 3976 (94,
1294 3895 1366 3977 15);
1392 3917 1426 3957 π.

255 4017 310 4083 τῆς
340 4013 407 4086 γῆς,
431 4009 465 4070 iu
489 4005 589 4090 Imag.
612 4005 701 4091 (336,
726 4004 777 4089 3);
805 4027 839 4067 π.
866 4008 918 4069 τοῦ
944 4008 1095 4083 λειμῶνος,
1119 4009 1154 4070 in
1179 4006 1316 4070 Heroioo
1341 4007 1429 4091 (200,

256 4123 328 4207 23):
356 4144 390 4185 π.
416 4123 467 4185 τοῦ
490 4118 630 4200 αὐχένος.

238 4269 240 4274 ·
298 4235 398 4320 Apud
420 4233 639 4315 Thucydidem
663 4234 741 4297 baec
763 4232 936 4297 habemus:

301 4349 390 4414 VIII.
422 4350 474 4431 48,
505 4349 541 4410 b:
578 4343 631 4410 καὶ
667 4349 771 4416 ταῦτα
806 4345 877 4425 παρ’
901 4346 1000 4409 αὐτῶν
1024 4350 1081 4409 τῶν
1104 4343 1194 4426 ἔργων
1218 4347 1428 4425 ἐπισταμένας

254 4462 314 4536 τὰς
336 4461 484 4534 πόλεις..
499 4507 527 4526 ..
553 4458 672 4523 εἰδέναι.
