3400 5212
827 523 867 586 76

259 711 480 777 Plutarchum.
512 749 553 758 -
591 710 714 796 Operae
749 713 887 796 pretium
910 713 1011 796 igitur
1034 717 1082 776 est
1105 711 1268 777 attendere
1291 711 1331 775 ad
1355 709 1430 775 Dio·

259 844 344 908 nem,
379 827 444 910 qni,
480 827 629 909 quamvis
663 824 767 890 fidelis
802 827 843 889 sit
879 829 1016 890 sectator
1050 823 1206 889 Herodoti
1229 830 1325 909 atque
1346 825 1430 888 Thu-

259 937 394 1022 cydidis,
428 939 487 1002 hao
516 940 551 1003 in
574 957 609 1003 ro
632 942 739 1003 tamen
764 940 905 1003 sermoni
928 939 1111 1022 aequalium
1137 939 1171 1001 ni
1194 937 1286 1002 fallor
1309 937 1430 1002 obtem-

258 1054 391 1137 peravit,
426 1052 513 1137 quod
548 1052 727 1117 secundum
763 1053 834 1118 eius
867 1055 981 1117 aetatis
1013 1072 1134 1116 morem
1158 1054 1428 1137 praepositionum

261 1185 356 1231 usum
382 1168 482 1230 auxit.
508 1165 546 1229 Id
570 1165 657 1249 quod
680 1167 713 1228 in
739 1164 836 1230 verbo
860 1171 1029 1245 προσαιτεῖν
1052 1166 1247 1249 primitivam
1270 1166 1431 1250 praeposi-

259 1281 355 1344 tionis
386 1281 547 1343 notionom
571 1298 703 1362 prorsus
726 1277 792 1343 fere
816 1278 1009 1343 obscuravit.
1032 1276 1105 1342 Duo
1131 1283 1207 1343 sunt
1227 1278 1287 1343 looi
1312 1279 1431 1363 quibus

258 1394 526 1479 praepositionem
551 1391 635 1471 ποιροὶ
659 1391 835 1457 adhibitam
859 1393 988 1457 inveni:

305 1506 357 1590 37,
381 1509 432 1588 24,
457 1507 493 1569 8:
519 1503 663 1586 οωπηρΙονν
687 1529 722 1568 π.
746 1503 895 1570 ueritates
920 1512 1098 1586 προσαιτεῖν.

307 1620 356 1702 77,
381 1622 410 1702 9,
433 1620 469 1682 3:
496 1619 572 1700 δῶροι
598 1642 632 1682 π.
656 1621 713 1682 πῶν
738 1618 856 1681 ἰδιωτῶν
880 1621 936 1682 τῶν
958 1617 1108 1682 πλουσίοιν
1128 1617 1180 1682 κον(
1205 1641 1240 1681 π.
1262 1617 1431 1695 retituet

262 1735 412 1815 προοῄπει
448 1734 522 1798 Alio
556 1735 626 1821 looo
652 1753 717 1816 quo
742 1734 881 1797 ooourrit
905 1731 1037 1797 verbum
1065 1737 1235 1812 προσαιτεῖν
1259 1733 1322 1815 (66,
1347 1733 1376 1814 8,
1399 1733 1430 1812 4)

259 1867 311 1912 res
330 1847 400 1918 sola
424 1847 618 1931 exprimitur
641 1864 724 1930 quae
747 1847 881 1930 petitur:
907 1841 942 1920 ἓξ
965 1844 1091 1923 ὀβολοὺς
1116 1851 1296 1925 προοοιιπεῖς.

303 1961 411 2026 Pauea
434 1960 531 2026 verba
554 1979 638 2044 quas
661 1959 821 2044 cupiendi,
846 1960 1000 2044 poscendi
1023 1959 1141 2024 habent
1164 1958 1430 2043 significationem

260 2075 345 2159 apud
383 2072 520 2139 Dionem
553 2075 686 2137 inventa
721 2078 849 2137 restant.
886 2073 937 2156 57,
973 2075 1024 2156 21,
1059 2075 1079 2136 4
1115 2074 1193 2137 haeo
1227 2073 1367 2156 legimus
1401 2077 1431 2150 (e

260 2188 429 2273 Xiphilino
460 2187 656 2271 desumpta):
689 2184 794 2250 ποὶνποο
826 2182 881 2250 ὅσοι
906 2186 983 2259 τινὲς
1017 2183 1070 2261 οέξ
1084 2185 1235 2250 ιώσειν
1270 2184 1354 2265 ποιροὶ
1378 2187 1430 2248 ποῦ

260 2300 397 2381 Τιβερίου
418 2299 557 2378 ἔμελλον,
582 2300 669 2383 quod
693 2299 825 2364 verbum
839 2296 941 2374 οέξιοῦν
952 2302 996 2364 ita
1010 2306 1200 2384 usurpatum
1214 2320 1287 2364 oum
1300 2317 1431 2385 praepo·

260 2417 375 2480 sitione
400 2412 484 2493 ποιροὶ
507 2413 592 2498 apud
617 2413 784 2477 Platonem
810 2433 940 2497 quoque
960 2415 1107 2477 occurrit.
1127 2414 1282 2498 Sequitur
1295 2413 1429 2477 verbum

261 2526 375 2592 δεῖσθαι’
385 2549 463 2600 πινος
475 2524 558 2606 ποοροὶ
570 2550 647 2599 τινος
660 2527 745 2611 quod
758 2529 887 2610 saepius
900 2526 1048 2591 Cassium
1060 2547 1233 2611 usurpasse
1242 2526 1431 2591 videbimus.

262 2641 355 2719 Quod
389 2643 429 2707 ad
464 2641 730 2726 significationem
763 2641 852 2707 verbi
873 2643 995 2722 attinet,
1019 2643 1074 2704 vix
1098 2661 1179 2725 opus
1203 2643 1264 2706 erit
1286 2640 1429 2705 indicare

260 2758 400 2841 primum
423 2756 537 2840 egendi
561 2757 724 2820 notionem
747 2757 864 2836 inesse,
886 2755 1001 2819 deinde
1022 2754 1127 2819 verbis
1148 2755 1351 2839 exprimendi
1363 2772 1431 2817 rem

260 2889 324 2953 qua
360 2888 509 2953 egemus3
542 2869 656 2954 egendi
680 2869 914 2953 significatione
937 2869 1097 2933 obiectum
1120 2872 1263 2953 genitivo
1287 2868 1432 2949 indicari,

260 2983 388 3067 petendi
422 2989 528 3048 autem
564 2983 724 3048 infinitivo
757 2984 807 3048 vel
838 2984 1000 3048 interdum
1024 2985 1208 3048 accusativo
1233 2984 1289 3067 qui
1313 2983 1432 3046 dieitur

260 3096 400 3162 verbalis
423 3100 492 3161 sive
515 3099 696 3161 accusativo
709 3098 858 3162 adieotivi
870 3099 976 3162 neutri
987 3097 1259 3183 generis.‡Egendi
1272 3096 1431 3181 signifiea-

261 3214 380 3276 tionem
406 3231 431 3275 e.
444 3232 473 3295 g.
497 3210 652 3275 habemus
676 3212 760 3295 apud
784 3210 1030 3296 Xenophontem
1056 3210 1156 3290 (Hier.
1184 3212 1234 3291 10,
1260 3208 1431 3291 1(;φιλιόον

260 3322 448 3402 κτησάμενος
469 3321 572 3405 ἄρχων
595 3324 676 3388 οὐδὲν
698 3322 743 3388 ἔτι
768 3323 906 3398 δεήσεται
927 3325 1099 3406 δορυφόρων,
1120 3323 1261 3405 (Memor.
1274 3327 1304 3405 4,
1318 3327 1346 3406 2,
1360 3324 1429 3402 26):

262 3437 430 3519 πορίζονπονι
466 3432 502 3501 ὦν
532 3436 659 3511 δέονποοι,
691 3457 774 3522 quae
805 3439 954 3522 exempla
979 3457 1021 3503 ex
1045 3437 1196 3502 omnibus
1220 3435 1431 3521 scriptoribus

259 3554 402 3637 suppleri
425 3558 568 3636 possunt.
592 3552 727 3616 Petendi
747 3571 878 3617 sensum
903 3555 1089 3617 invenimus
1112 3571 1137 3615 e.
1150 3572 1179 3635 g.
1199 3551 1284 3635 apud
1297 3549 1431 3615 Demos·

260 3667 389 3732 thenem
425 3668 488 3747 (29,
522 3668 570 3744 4(;
616 3664 721 3743 δέομοοι
746 3665 772 3728 δ’
797 3665 876 3743 ὑμῶν
900 3664 1019 3729 δικοιίοιν
1043 3651 1310 3749 δέησιν(ρθτεοηο
1333 3685 1430 3748 quam

261 3799 412 3864 rogamus
434 3780 577 3863 genitivo
600 3778 770 3861 indicatur,
793 3797 844 3842 res
869 3784 974 3843 autem
1000 3796 1082 3862 quae
1105 3781 1225 3861 petitur
1248 3779 1431 3842 accusativo

236 3892 239 3898 ’
262 3892 404 3975 verbali),
426 3892 489 3975 (38,
514 3895 561 3972 2):
587 3889 730 3968 δεήσομαι
752 3891 783 3955 δὲ
806 3890 858 3955 aui
883 3890 986 3955 δι’κοιιοο
1009 3888 1061 3954 aui
1085 3889 1195 3970 us'rptu
1219 3890 1307 3968 ὑμῶν.

307 4006 425 4070 Contra
467 4004 652 4070 Herodotus
687 4007 720 4068 in
756 4004 853 4069 verbo
888 4003 1000 4067 δεῖοθοιι
1035 4004 1164 4088 petendi
1199 4003 1432 4089 significatione

263 4122 391 4205 saepius
424 4121 603 4203 genitivum
640 4118 769 4183 adhibet
800 4118 840 4182 ad
871 4117 1032 4181 obiectum
1056 4117 1277 4202 indicandum,
1300 4136 1326 4182 e.
1338 4139 1368 4202 g.
1391 4120 1432 4201 (1,

264 4235 311 4313 8);
349 4232 396 4296 σέο
431 4230 537 4309 δέομαι
570 4233 614 4310 μὴ
647 4231 761 4296 δέεοθοιι
793 4230 917 4308 atatam,
942 4231 982 4313 (3,
1005 4232 1075 4310 44(;
1101 4228 1200 4304 ἐδεήθη
1225 4227 1297 4304 ὅκως
1320 4229 1356 4295 ἂν
1379 4231 1431 4296 aui

265 4346 335 4427 παρ’
372 4345 475 4410 ἑωυτὸν
511 4344 642 4426 πέμψιος
672 4347 702 4418 ἐς
732 4343 836 4423 Σάμον
860 4342 953 4408 δέοιτο
977 4346 1115 4423 οπροιποῦ.
1141 4343 1190 4408 Ita
1213 4345 1277 4409 duo
1309 4348 1431 4430 geni-

262 4461 354 4527 tivi
389 4465 555 4545 (personae
591 4467 622 4525 et
656 4463 713 4539 rei)
745 4481 811 4525 una
834 4465 1009 4523 ooourrunt
1031 4478 1057 4523 e.
1069 4479 1099 4541 g.
1123 4459 1165 4542 (3,
1191 4459 1279 4536 ltu:
1305 4459 1431 4540 ἐπιπροέ-
