3378 5212
791 533 854 597 115

236 717 494 800 coniungendam
531 721 653 781 certum
690 717 768 781 mihi
800 717 936 782 videtur.
971 717 1082 784 Possis
1113 735 1191 782 sane
1214 715 1311 781 verba
1336 716 1408 797 παρ’

236 827 416 910 ἀμφοτέρων
451 830 491 893 ad
521 831 715 914 praecedens
739 828 897 910 μηρτύρινν
921 851 1051 915 quoque
1074 831 1208 913 trahere,
1234 832 1311 914 quia
1335 850 1410 894 con·

237 945 326 1007 venit
360 962 434 1008 cum
470 964 533 1008 usu
569 942 692 1009 Dioneo
729 944 825 1009 dictio
863 945 918 1008 illa
950 943 1106 1024 μαρτύριον
1131 941 1215 1024 capot
1236 967 1321 1017 τινος.
1348 944 1410 1009 Sed

238 1077 343 1140 neque
367 1063 538 1122 contextus
561 1059 738 1122 sententiae
761 1060 821 1122 hoc
845 1060 915 1122 loco
935 1058 1410 1142 illudoommendat3sequitur

237 1173 321 1234 enim
358 1175 415 1234 τῶν
445 1170 501 1248 μὲν
525 1179 556 1236 et
580 1175 637 1235 τῶν
661 1170 692 1234 δὲ
716 1177 802 1236 arcte
825 1192 898 1236 cum
924 1172 1127 1237 substantivo
1151 1169 1309 1251 μαρτύριον
1335 1191 1410 1236 con·

236 1285 447 1369 iungendum,
481 1304 588 1369 neque
622 1287 770 1370 exempla
807 1287 1024 1370 antiquorum.
1061 1285 1299 1370 Saepenumero
1323 1287 1409 1349 enim

237 1396 347 1468 σιωτην
383 1395 466 1477 crepui
492 1395 611 1462 τύντιιν
636 1407 759 1473 coricum
783 1404 813 1463 et
838 1400 952 1473 σιωπὴν
977 1398 1061 1478 aruph
1084 1402 1141 1461 τῶν
1164 1395 1268 1462 ἄλλων
1291 1397 1352 1463 Dio
1376 1401 1409 1462 in

236 1512 452 1596 Xenophonte
485 1513 674 1594 Thucydide
706 1513 843 1595 Polybio
881 1514 1015 1597 legerat,
1053 1521 1162 1578 nostro
1198 1519 1304 1578 autem
1340 1513 1410 1577 loco

237 1627 321 1690 idem
356 1627 516 1711 significat
550 1631 567 1699 η
599 1627 694 1700 σιωπὴ
720 1627 791 1707 παρ’
816 1626 997 1708 ἀμφοτέρων
1020 1635 1117 1711 atque
1140 1626 1157 1698 ἡ
1182 1624 1279 1699 σιωπὴ
1304 1627 1411 1708 ἀμφι-

238 1739 325 1820 τέρων
359 1741 404 1804 ita
435 1746 471 1804 ut
493 1760 626 1824 prorsus
648 1739 813 1824 superflua
837 1743 879 1804 sit
902 1742 1104 1824 praepositio,
1128 1760 1211 1825 quae
1235 1741 1330 1805 modo
1355 1761 1409 1806 cx-

237 1854 349 1938 plicari
373 1859 477 1938 potest
499 1855 646 1938 analogia
667 1855 803 1918 aliorum
825 1855 970 1918 locorum
984 1854 1104 1938 quihus
1119 1854 1250 1919 verbum
1265 1855 1409 1919 additum

238 1974 286 2033 est
310 1988 449 2052 quocum
474 1970 572 2032 simul
596 1969 743 2033 cohaeret
763 1970 964 2052 praepositio.

282 2081 471 2147 Extremum
495 2083 678 2167 exemplum
703 2083 775 2146 luce
799 2083 918 2146 clarius
941 2082 1081 2147 ostendit
1105 2081 1250 2147 Cassium
1273 2080 1409 2147 Dionem

238 2195 403 2260 adamasse
426 2197 671 2280 praepositionis
695 2216 792 2261 usum
816 2197 850 2259 in
874 2185 1413 2283 substantivorumconiunctione,

239 2328 368 2393 nempe:

282 2423 384 2506 indi),
401 2425 436 2488 1:
461 2420 506 2488 ύτι
532 2421 655 2504 πέφυκε
681 2426 743 2487 τᾶν
766 2423 799 2487 τὸ
823 2421 998 2503 ἀνθρώπειον
1018 2422 1173 2503 δεσπόζειν
1197 2449 1232 2488 τε
1256 2426 1412 2504 ἐπιθυμεῖν

239 2542 296 2603 τῶν
321 2537 500 2602 ὑπεικόντων
528 2535 580 2600 aa}
604 2546 641 2619 τῇ
667 2536 751 2617 aruph
774 2541 829 2609 τῆς
852 2535 952 2615 τύχης
977 2539 1050 2617 ῥοπῇ
1076 2539 1160 2600 uacci
1185 2541 1241 2602 τῶν
1264 2539 1411 2604 ἐθελοδου-

240 2652 367 2717 λνύντων
401 2652 529 2732 χρῆσθαι
566 2651 702 2734 (Natura
735 2653 882 2716 homines
917 2651 1075 2715 dominari
1111 2654 1247 2736 cupiunt
1281 2653 1320 2716 iis
1356 2655 1413 2736 qui

239 2768 366 2850 cedunt,
389 2772 486 2851 atque
508 2767 657 2830 fortunae
675 2766 884 2829 inclinatione
904 2767 952 2829 uti
970 2765 1126 2831 adversus
1146 2785 1210 2831 eos·
1222 2769 1278 2850 qni
1298 2767 1412 2831 volun·

239 2882 352 2945 tariam
388 2881 575 2945 servitutem
609 2881 774 2959 serviunt).
805 2878 1057 2962 Inspicientihus
1082 2879 1135 2962 44,
1160 2881 1214 2961 38,
1240 2881 1259 2942 6
1284 2886 1414 2963 apparet

240 2994 332 3059 nobis
356 2994 400 3058 ibi
425 2992 571 3058 Cassium
597 2995 744 3058 omittere
766 2995 1033 3076 praepositionem
1060 3013 1135 3058 cum
1160 2994 1236 3058 dicit
1256 2994 1296 3057 de
1314 2999 1414 3074 κιιιριῦ

239 3111 313 3190 ῥντη
349 3131 418 3180 τινι,
453 3114 563 3172 nostro
598 3116 704 3171 tamen
740 3107 810 3170 loco
846 3108 1041 3191 praepositio
1067 3105 1152 3187 τιιρύι
1177 3106 1319 3172 adhibita
1342 3127 1412 3173 esse

239 3223 367 3286 videtur
398 3223 474 3306 quia
488 3223 521 3300 η’
547 3219 630 3300 τύχη
654 3240 810 3305 personae
834 3223 905 3286 vice
927 3221 1020 3304 iungi
1043 3219 1187 3305 fingitur,
1210 3242 1228 3284 a
1251 3241 1315 3304 qua
1338 3219 1412 3300 ῥντη

240 3360 287 3408 τις
323 3343 477 3400 movetur.
513 3334 566 3399 Sic
600 3337 685 3399 enim
722 3336 798 3398 mihi
831 3333 1023 3420 explicanda
1057 3334 1187 3399 videtur
1222 3337 1414 3419 praepositio

240 3469 323 3534 quae
360 3468 433 3513 vero
457 3450 577 3532 optime
600 3450 703 3512 omitti
727 3453 867 3532 poterat;
894 3467 968 3512 nam
993 3448 1073 3511 nihil
1098 3450 1230 3513 interest
1253 3450 1337 3512 inter
1360 3447 1414 3520 την

242 3562 325 3644 capia
348 3569 402 3635 τῆς
423 3559 525 3642 τύχης
547 3561 637 3642 iouia
660 3567 757 3644 atque
780 3561 835 3634 την
857 3566 912 3633 τῆς
935 3559 1036 3640 τύχης
1060 3559 1159 3641 ῥοπήν.

285 3789 304 3864 g
336 3787 364 3848 5.
397 3783 556 3860 Quoniam
580 3784 619 3849 de
643 3785 731 3848 hisce
754 3785 817 3846 iam
842 3786 920 3848 satis
944 3784 1096 3867 diximus,
1121 3790 1267 3868 superest
1293 3791 1329 3850 ut
1340 3806 1412 3870 aga·

241 3919 313 3963 mus
337 3899 376 3962 de
400 3899 561 3962 locutione
585 3896 627 3961 τύ
650 3895 734 3977 τιιρύ
757 3919 844 3969 τινος.

284 4011 373 4075 Haeo
396 4012 526 4093 locuti0,
548 4015 610 4076 iam
637 4012 712 4074 inde
735 4011 774 4074 ab
798 4010 962 4076 Herodoto
986 4011 1172 4096 frequenter
1196 4017 1350 4097 usurpata
1373 4013 1412 4076 ab

243 4127 357 4190 Atticis
381 4125 599 4209 scriptoribus,
624 4127 721 4189 variis
745 4125 848 4188 modis
872 4127 1015 4209 suppleri
1040 4125 1135 4190 solet:
1162 4126 1256 4190 modo
1277 4126 1413 4190 verbum

241 4240 368 4304 dicendi
404 4241 497 4303 modo
532 4241 664 4304 verbum
701 4239 860 4303 efficiendi
885 4245 991 4303 mente
1014 4239 1156 4322 suppleri
1179 4246 1292 4324 potest.
1316 4240 1414 4324 Apud

241 4354 452 4435 Herodotum,
489 4353 707 4434 Thucydidem
743 4355 888 4436 aliosque
923 4355 1050 4437 saepius
1082 4350 1123 4416 ud
1150 4351 1233 4434 τνιρύ
1256 4375 1333 4426 τινος
1355 4353 1414 4436 (so.

243 4467 407 4552 λεγόμενοι)
442 4469 597 4549 occurrit;
624 4473 731 4532 noster
755 4472 861 4532 autem
887 4468 973 4552 quod
997 4470 1199 4552 reppererim,
1222 4469 1320 4534 semel
1344 4475 1414 4532 tan-
