3400 5212
827 522 869 585 78

260 733 294 773 πε
314 711 343 782 ἐς
363 708 411 772 τὸν
431 707 567 798 Καίσαρα
585 706 723 789 πόρρωθεν
744 704 1035 788 πρακαπαπνθὲμεννς
1057 704 1110 770 καὶ
1129 707 1318 788 καταφυγὴν
1340 707 1436 789 ἑαυτῷ

261 820 559 903 προπαρασαεννθζαν,
584 820 612 886 εἴ
633 845 659 885 rt
686 822 756 902 παρ’
782 822 874 885 αὐτοῦ
899 820 1021 894 δεηθείη.
1041 820 1141 885 Hisce
1154 820 1261 886 verbis
1273 821 1437 887 indicatur

260 939 293 1001 ni
316 936 409 1001 fallor
432 956 529 1000 causa
551 956 610 1000 our
633 936 783 1000 liberaret
806 936 960 1018 captivos,
980 939 1016 998 ut
1036 936 1099 998 iam
1120 936 1228 998 statim
1243 935 1346 998 multo
1361 940 1436 1000 ante

261 1070 357 1134 quam
393 1070 474 1134 opus
508 1049 570 1114 fuit
605 1048 797 1114 beneficium
833 1049 919 1132 apud
956 1047 1122 1112 Caesarem
1148 1048 1321 1132 deponeret
1344 1055 1375 1113 et
1400 1055 1436 1113 ut

261 1162 440 1248 perfugium
478 1162 578 1227 multo
609 1169 683 1226 ante
714 1160 776 1226 sihi
808 1166 1010 1245 praepararet
1033 1161 1119 1246 apud
1144 1179 1229 1243 eum,
1253 1163 1280 1226 si
1304 1163 1435 1245 (postea)

259 1276 416 1361 (perfugio
457 1295 475 1339 a
517 1274 664 1353 Caesare)
699 1274 761 1339 sibi
792 1293 874 1358 opus
910 1279 1003 1338 esset.
1038 1273 1244 1338 Vocabulum
1283 1297 1313 1338 τι
1350 1277 1436 1340 enim

259 1389 483 1454 adverbialiter
516 1394 708 1472 usurpatum
744 1407 815 1452 esse
851 1388 929 1451 mihi
964 1387 1100 1470 videtur,
1133 1389 1179 1452 ita
1211 1393 1247 1452 ut
1277 1389 1438 1473 significet

263 1502 561 1588 „quodammodo”;
595 1502 691 1567 verba
714 1504 824 1585 itaque
848 1501 1027 1585 supplenda
1051 1506 1145 1566 sunt:
1171 1498 1251 1565 εἴτι
1278 1506 1436 1583 (καταφυ-

263 1619 332 1698 θῆς)
357 1617 428 1697 παρ’
453 1617 548 1680 αὐτοῦ
572 1614 683 1688 δεηθείη
708 1613 803 1697 (μεπθι
826 1617 948 1693 ταῦτα).
980 1601 982 1606 ’

305 1730 459 1814 Sequitur
482 1729 617 1794 verbum
645 1725 911 1806 μεταπέμπεσθαθ
932 1732 1115 1807 (arcessere)
1139 1751 1208 1792 τινα
1228 1729 1279 1794 vel
1300 1754 1330 1794 πν
1353 1729 1437 1810 παραὶ

262 1868 340 1917 τινος
364 1844 450 1928 quod
473 1844 606 1927 legitur:

307 1961 358 2043 40,
383 1960 434 2042 31,
457 1960 494 2021 2:
523 1979 557 2020 π.
583 1959 640 2020 πῶν
664 1958 784 2020 Κελτῶν
808 1955 1014 2036 μισθοφορικὸν
1039 1954 1278 2036 μετεπέμψατο.

309 2074 358 2156 75,
384 2074 433 2155 15,
458 2073 494 2135 3;
527 2068 637 2143 δεηθεὶς
667 2067 809 2150 κεστρέως
832 2068 982 2149 (κεστρεὺς
1005 2071 1102 2154 piscis
1125 2090 1239 2154 genus,
1262 2071 1349 2155 apud
1372 2070 1436 2136 Ro-

264 2204 379 2250 manos
414 2185 561 2269 mugil
597 2183 731 2261 dictum)
746 2231 753 2246 .
767 2231 774 2245 .
790 2229 797 2245 .
814 2229 821 2245 .
845 2205 879 2245 π.
904 2182 1012 2246 ἐκείνου
1036 2182 1276 2264 μετεπέμψατο.

309 2300 358 2376 78,
384 2301 414 2383 6,
439 2299 476 2362 8:
503 2294 609 2361 πολλὰ
634 2318 668 2359 π.
693 2299 750 2359 τῶν
834 2343 840 2357 .
862 2295 1017 2376 ἀνθρώπων
1040 2295 1278 2377 μετεπέμψατο.

307 2414 405 2499 Apud
428 2413 507 2477 alios
531 2429 662 2496 quoque
686 2412 856 2495 scriptores
880 2411 939 2474 hoo
960 2409 1095 2474 verbum
1116 2431 1190 2475 oum
1204 2413 1439 2497 praepositione

265 2528 349 2608 παρὰ
373 2529 580 2592 coniunctum
606 2526 755 2607 occurrit,
778 2543 845 2608 eg.
870 2525 956 2608 apud
975 2524 1149 2589 Isocratem
1169 2528 1213 2607 (5,
1226 2527 1319 2610 1116);
1334 2529 1438 2590 ταῦτα

265 2639 371 2706 πθνπα
402 2664 436 2704 π.
461 2641 543 2718 ἡμῶν
567 2638 865 2717 μεταπεμπομένων,
889 2641 931 2721 (6,
956 2640 1032 2717 31):
1053 2638 1205 2713 ἐδήλωσε.
1221 2688 1228 2703 .
1243 2687 1273 2704 ..
1299 2639 1437 2717 βοήθειαν

265 2779 299 2819 π.
335 2750 371 2818 ὧν
406 2752 504 2840 (ἔδει)
539 2752 818 2832 μεταπέμψασθαι,
843 2753 929 2837 apud
955 2754 1203 2838 Aristophanem
1228 2753 1336 2838 (Vesp.
1361 2753 1436 2834 679)

264 2872 404 2935 activum
436 2888 540 2954 genus
571 2867 718 2952 legimns.
743 2865 825 2932 Cum
850 2865 1085 2934 Demosthenes
1108 2870 1171 2952 (19,
1197 2864 1439 2949 161111011εοῦς

264 2984 327 3049 απὸ
358 2986 415 3048 πῶν
447 2981 599 3056 Ἑλλήνων
627 2979 881 3061 μετεπέμψασθε,
906 2983 1008 3066 magis
1032 2982 1138 3047 locum
1163 3003 1260 3067 quam
1285 2995 1439 3067 personas

265 3120 283 3164 a
307 3097 427 3183 quibus
450 3099 659 3161 arcessuntur
683 3094 781 3179 legati
803 3097 987 3180 respexisse
1011 3097 1146 3162 videtur.

309 3211 445 3277 Restant
475 3211 539 3275 duo
563 3208 661 3273 verba
685 3228 768 3292 quae
790 3214 919 3293 propter
942 3209 1208 3294 significationem
1234 3210 1364 3295 quidem
1388 3211 1440 3275 hio

265 3324 450 3390 collocanda
480 3341 611 3388 censeo:
645 3319 813 3398 ἑπθνεσθαν
836 3321 941 3403 (Med.)
965 3328 996 3388 et
1020 3323 1170 3403 θηρᾶσθαι.
1196 3325 1344 3390 Alterum
1369 3343 1438 3390 ver-

265 3439 342 3505 bum
378 3435 547 3514 ἐπάγεσθαι
581 3437 720 3521 legimus
743 3437 795 3519 44,
820 3438 872 3519 26,
898 3437 926 3520 1,
950 3437 1007 3501 ubi
1030 3438 1070 3502 de
1093 3437 1174 3502 urbe
1197 3438 1336 3503 Athenis
1360 3438 1438 3502 dici·

265 3559 336 3618 tur:
372 3551 444 3631 παρ’
480 3546 604 3624 ism.
639 3547 814 3625 ε’πθγεσθαθ
847 3573 932 3623 τινας
969 3549 1073 3628 νόμους
1108 3551 1160 3615 οὐκ
1190 3547 1368 3626 ἀπηξίωσαν
1393 3550 1439 3636 (oi

267 3664 397 3746 πατέρες
431 3663 542 3749 ἡμῶν).
577 3662 649 3728 Ηοο
682 3663 753 3728 loco
785 3663 957 3728 relativum
989 3660 1024 3739 ἧς
1053 3670 1175 3749 spectat
1198 3665 1438 3731 substantivum

268 3779 367 3852 πόλιν,
402 3781 447 3843 ita
478 3783 515 3842 ut
547 3774 631 3856 nepai
662 3783 717 3850 τῆς
741 3774 857 3850 πόλεως
879 3778 964 3842 idem
985 3781 1026 3843 sit
1050 3783 1146 3863 atque
1168 3801 1200 3841 π.
1227 3782 1284 3843 τῶν
1308 3782 1439 3843 πολιτῶν

267 3895 325 3968 1.,θ.
351 3895 409 3956 τῶν
433 3888 603 3964 Ἀθηναίων.
627 3888 738 3955 Nostri
760 3891 859 3975 igitur
883 3893 1031 3974 maiores,
1051 3893 1097 3956 sic
1111 3891 1242 3957 Cassius
1254 3891 1439 3957 Ciceronem

268 4008 424 4072 dicentem
468 4006 602 4081 inducit,
643 4023 709 4068 non
752 4004 915 4088 dedignati
950 4010 1027 4069 sunt
1061 4007 1149 4090 leges
1185 4006 1342 4090 quasdam
1378 4005 1441 4071 sibi

268 4127 376 4206 petere
409 4119 448 4183 ab
483 4118 744 4183 Atheniensibus.
765 4119 913 4182 Alterum
940 4119 1078 4198 θηρᾶσθαι
1104 4121 1242 4204 legimus
1264 4120 1301 4183 fr.
1326 4121 1378 4202 68,
1402 4121 1438 4183 3:

270 4232 362 4310 πνμην
395 4255 430 4295 π.
462 4234 518 4295 πῶν
540 4228 645 4295 ἄλλων
668 4230 821 4311 θηρώμενον
844 4231 1007 4313 (honorem
1032 4231 1071 4296 ab
1096 4234 1168 4298 aliis
1192 4233 1255 4298 sibi
1278 4253 1441 4316 aucupan-

269 4352 338 4430 tes),
362 4345 418 4411 uhi
441 4347 631 4431 praepositio
657 4344 741 4425 παρὰ
765 4365 837 4409 oum
859 4344 982 4410 obiecto
1002 4343 1094 4422 τιμην
1113 4348 1316 4431 aliquatenus
1329 4347 1441 4412 oohae·

271 4481 341 4528 rere
364 4462 416 4527 vel
439 4461 547 4546 potius
570 4479 611 4525 ex
634 4460 758 4526 obiecto
782 4478 914 4544 quoque
936 4460 1074 4545 pendere
1097 4462 1231 4527 videtur.
