3378 5222
805 504 848 567 25

238 693 284 754 ita
319 696 357 755 ut
389 690 457 756 fere
490 690 574 755 idem
611 709 683 756 esse
717 690 888 756 videantur
919 689 961 753 τὰ
983 711 1016 753 π.
1043 688 1162 764 ἐκεινοις
1184 689 1289 769 ἀγαθοὶ
1311 711 1349 756 ao
1372 689 1415 755 τοὶ

238 802 351 867 ἐκείνων
372 802 487 881 ἀγαθοὶ,
512 823 571 868 neo
593 810 701 869 tamur
726 823 860 889 prorsus
882 803 968 868 idem
993 805 1088 888 valet,
1108 805 1235 869 namrat
1248 828 1282 869 π.
1296 803 1415 878 ἐκείνοις

237 916 343 995 ἀγανὴ
376 937 441 982 non
477 937 589 984 eorum
621 918 706 982 boue
736 918 890 1001 indicant,
913 917 970 983 sed
993 937 1045 982 res
1068 917 1169 984 bonas
1193 937 1277 1003 quae
1301 937 1414 985 eorum

238 1033 273 1094 in
296 1030 378 1096 urbe
400 1032 452 1095 rel
475 1032 560 1116 apud
585 1050 640 1097 eos
664 1037 750 1097 sunt

283 1145 335 1227 12,
372 1145 440 1208 ba:
475 1147 527 1208 τοῦ
562 1143 631 1222 βίον
662 1148 715 1209 τοῦ
747 1167 782 1208 π.
808 1143 890 1223 ὑμῖν.
915 1143 979 1209 Hio
1003 1163 1135 1230 qnoque
1160 1145 1201 1210 ad
1224 1147 1411 1212 institutum

238 1259 355 1342 respici
377 1258 523 1340 videtur‚·
537 1258 623 1343 quod
647 1261 682 1323 in
707 1259 827 1343 popnlo
853 1258 993 1343 quodem
1019 1258 1114 1323 valet.

284 1374 336 1455 52,
359 1373 412 1452 30,
436 1374 473 1434 2:
498 1370 512 1434 ὁ
536 1394 571 1435 π.
595 1373 667 1450 ἡμῖν
693 1371 787 1450 δῆμος
809 1371 935 1456 plebem
954 1371 1124 1455 signifieat,
1145 1391 1228 1456 quae
1251 1378 1415 1437 nostre

239 1488 284 1549 in
321 1483 435 1549 urbe
468 1491 624 1550 versatur.

284 1600 336 1680 54,
360 1598 412 1681 34,
436 1601 472 1661 5;
495 1596 510 1660 ό
534 1620 568 1662 π.
594 1599 695 1670 αὐτοῖς
720 1597 859 1670 Διόνυσος
884 1597 1001 1662 Baoohi
1024 1616 1145 1663 numen
1170 1598 1301 1676 indicat,
1325 1599 1413 1683 quod

240 1731 400 1777 eorum
434 1714 480 1776 in
514 1713 712 1797 regione
746 1712 871 1776 colitur.

282 1825 373 1890 Haeo
395 1823 589 1890 omniafere
608 1827 770 1909 portinent
788 1824 830 1890 ad
849 1824 984 1890 eandem
997 1823 1283 1909 significationem
1296 1844 1413 1910 nempe

241 1959 356 2021 mores,
378 1941 536 2022 institute,
559 1939 656 2023 leges,
679 1938 798 2004 similia
820 1939 1006 2030 indicantur
1030 1957 1114 2023 quae
1131 1941 1165 2002 in
1184 1941 1315 2024 regione
1334 1961 1414 2024 qua-

240 2053 314 2117 dam
337 2053 390 2118 vel
417 2055 451 2117 in
474 2053 594 2137 populo
617 2053 758 2137 quodam
781 2054 1003 2117 inveniuntur.

282 2165 417 2232 Restant
450 2166 548 2232 verba
581 2166 700 2232 Suidae
734 2167 802 2251 (71,
834 2169 863 2248 2,
894 2168 947 2252 3):
973 2169 991 2240 ἡ
1016 2191 1051 2232 π.
1076 2165 1245 2248 τραπέζαις
1268 2165 1410 2242 beilum,

241 2280 296 2344 ubi
331 2280 371 2345 de
405 2279 608 2360 salutatione,
638 2298 722 2363 quae
744 2281 829 2344 inter
852 2262 964 2345 cenam
987 2280 1032 2358 fit,
1055 2299 1160 2346 sermo
1184 2300 1255 2346 esse
1278 2281 1413 2346 videtur.

240 2393 400 2470 Quoniam
423 2397 531 2457 autem
556 2390 680 2456 Dionea
703 2411 775 2457 esse
798 2411 864 2457 non
888 2393 1016 2458 videtur
1036 2393 1165 2471 locutio,
1184 2394 1311 2459 silentio
1323 2415 1413 2479 pree·

241 2507 398 2572 tereunda
420 2511 478 2588 est,
491 2508 612 2591 quippe
625 2525 708 2590 quae
731 2526 751 2590 p
764 2525 783 2570 o
796 2525 812 2571 s
824 2512 837 2570 t
849 2508 916 2571 eri
929 2526 948 2571 o
960 2527 976 2571 r
989 2527 1010 2572 u
1023 2527 1054 2571 m
1078 2527 1174 2572 usum
1187 2507 1412 2591 praeseferat.

284 2620 365 2686 cnm
400 2619 769 2704 pronominibus
805 2622 1010 2685 coniunctam
1045 2621 1136 2685 nullo
1171 2621 1269 2687 verbo
1304 2622 1412 2687 addito

240 2735 508 2820 praepositionem
535 2732 620 2814 τοιοὸι
642 2753 716 2798 oum
741 2734 850 2798 dativo
873 2736 1059 2799 invenimus
1083 2735 1133 2800 his
1156 2735 1254 2801 loeis:

282 2847 352 2921 τοὺς
375 2871 410 2912 π.
434 2845 573 2920 ἑκάστοις
597 2851 639 2928 <
652 2845 785 2927 πρώτους
796 2851 837 2927 >
862 2847 1080 2926 μεταπέμπων
1099 2847 1227 2929 ἐκόλαζε
1239 2849 1291 2933 40,
1307 2851 1357 2931 ll,
1374 2852 1411 2931 l3

283 2967 340 3026 τῶν
363 2961 484 3025 ἰδιωτῶν
506 2964 564 3024 τῶν
589 2983 623 3024 π.
648 2958 786 3033 ἑκάστοις
810 2958 932 3040 πρώτων
956 2963 1008 3044 52,
1032 2964 1083 3044 22,
1107 2962 1145 3034 3;

283 3077 393 3141 Primo
427 3076 496 3140 loeo
530 3073 701 3140 Reimarus
733 3079 775 3155 <
788 3072 973 3154 πρώτους)
1004 3077 1151 3158 inseruit,
1173 3076 1244 3140 coll.
1267 3075 1413 3141 Caesaris

239 3190 321 3256 Belli
356 3189 473 3255 Gallici
497 3191 526 3271 5,
550 3190 603 3269 54,
627 3189 656 3268 l,
678 3187 735 3252 ubi
759 3187 799 3251 de
825 3187 1044 3272 „principibus
1068 3191 1230 3274 cuiusque
1248 3189 1411 3256 civitatis”

239 3323 343 3370 sermo
378 3309 444 3382 est3
465 3339 505 3348 -
530 3301 677 3385 Utroque
700 3300 771 3365 looo
795 3299 987 3384 significatio
1010 3303 1095 3367 inest
1118 3304 1153 3367 in
1178 3305 1412 3388 praepositione

240 3418 324 3499 rapta
346 3418 386 3482 de
410 3436 474 3500 qua
496 3417 560 3479 iam
584 3434 683 3498 supra
707 3415 863 3494 diximus,
887 3415 1011 3480 seilicet
1036 3417 1090 3497 „in
1113 3422 1199 3481 terra
1219 3417 1411 3501 velregione

239 3533 289 3598 vel
312 3535 347 3596 in
372 3531 517 3596 exercitu
541 3526 711 3593 alieuius’'.

283 3644 486 3722 Quibuscum
510 3642 694 3706 conferendi
719 3647 797 3706 sunt
820 3641 898 3705 looi:

284 3759 334 3843 72,
358 3761 411 3839 22,
434 3759 470 3820 2:
496 3755 546 3820 τὸν
568 3750 644 3820 οἷκον
667 3755 717 3819 τὸν
743 3759 856 3836 πρῶτον
877 3779 912 3819 π.
933 3755 1035 3827 αὐτοῖς
1046 3755 1103 3839 (so.
1117 3753 1318 3841 μονομάχοις)
1332 3751 1410 3837 εἶχε,

239 3871 296 3937 ubi
319 3870 516 3936 Commodus
538 3871 675 3953 primam
700 3869 832 3933 domum
857 3869 942 3953 apud
962 3868 1156 3953 gladiatores
1167 3869 1320 3935 habuisse
1333 3871 1411 3935 dioi-

238 3993 308 4067 tur;
331 3987 384 4050 hio
405 3984 472 4049 fere
495 3982 675 4067 significet:
704 3984 759 4065 „in
781 3982 997 4068 gladiatorum
1022 3980 1149 4046 ooetu'’.

286 4101 335 4184 78,
369 4101 400 4183 2,
430 4100 467 4168 3;
498 4100 555 4160 τῶν
580 4095 703 4176 πρώτων
726 4099 783 4160 τῶν
808 4119 842 4160 π.
867 4095 960 4176 αὐτῷ.
984 4094 1033 4159 Eo
1054 4096 1127 4160 loco
1162 4116 1282 4163 mere
1316 4119 1411 4184 pro-

239 4233 400 4278 nomen
424 4212 569 4276 edditur:
592 4210 619 4274 oi
646 4212 754 4290 πρῶτον
779 4210 805 4273 οἱ
829 4232 863 4273 π.
888 4232 943 4273 τινι
967 4211 1138 4293 optimates
1158 4228 1230 4276 esse
1250 4211 1411 4296 videntur,

240 4347 321 4412 quos
355 4345 466 4392 secum
500 4323 596 4388 habet
629 4324 756 4408 aliquis,
785 4325 832 4388 ita
855 4328 891 4388 ut
924 4323 1125 4388 localem
1160 4323 1227 4390 fere
1262 4319 1411 4390 notio

240 4460 333 4506 nem
369 4439 563 4504 remansisse
589 4436 754 4518 videatur3
779 4438 827 4502 sio
850 4436 936 4521 apud
961 4435 1210 4522 Xenophontem
1235 4437 1354 4523 (Anab.
1378 4440 1411 4522 4,

445 4565 452 4574 ·
1295 4548 1312 4600 2
