3378 5222
805 557 913 602 vu*

226 770 255 809 m
268 768 284 809 e
299 751 389 809 ntis
421 751 581 829 desumptis
609 749 699 828 (hiem
730 768 844 828 quoque
863 748 895 807 in
915 748 1044 808 numeris
1064 748 1333 809 Boissevainiauam
1353 750 1410 808 edi·

225 868 335 926 tionem
356 867 449 927 secuti
468 873 589 942 sumus).

263 983 300 1043 In
328 1003 414 1062 opere
445 985 619 1064 perficiendo
650 983 775 1074 diluoide
794 983 878 1074 nobis
899 983 1046 1061 apparuit,
1070 983 1218 1060 „Indioem
1243 982 1409 1044 Dioneum”

223 1121 310 1181 quem
340 1102 395 1162 Fu.
425 1101 513 1163 (doru.
545 1101 686 1162 Sronurus
715 1101 835 1162 editioni
865 1119 935 1160 suaa
965 1100 1078 1160 addidit
1108 1106 1245 1162 oetavum
1266 1103 1407 1162 volumen

223 1186 350 1296 (Lipsiae
382 1221 482 1297 1825),
503 1219 640 1298 quamvis
660 1209 872 1297 copiosissinrus
892 1219 931 1276 sit
951 1218 1117 1297 optimeque
1135 1219 1291 1295 eonfaotus,
1312 1238 1405 1298 neque

224 1336 321 1395 omnia
350 1337 490 1412 praebere
521 1336 656 1413 exemplu
677 1353 770 1412 neque
791 1352 986 1411 omnesquae
1007 1340 1163 1394 ooourrunt
1182 1335 1407 1412 signifieationes

223 1453 445 1531 praepositionis
466 1453 623 1526 exhibere;
643 1472 680 1512 ex
702 1471 759 1531 qno
776 1453 885 1512 iaotnm
906 1470 967 1511 esse
989 1460 1023 1510 ut
1044 1452 1175 1529 Helbing
1194 1453 1248 1531 (1.1.
1259 1472 1328 1534 pag.
1340 1454 1409 1531 130)

223 1570 372 1648 scripserit
405 1569 480 1646 „Dio
511 1569 626 1630 Cassius
656 1569 770 1629 seheint
800 1568 862 1627 sieh
883 1566 1048 1627 ablehnend
1068 1568 1224 1629 verhalten
1244 1589 1280 1628 un
1303 1569 1409 1640 haben,

227 1705 312 1746 weun
334 1706 402 1747 man
423 1687 561 1746 eusdem
583 1685 755 1764 Sehweigen
775 1705 835 1746 von
865 1685 994 1746 Stnrz
1022 1686 1063 1744 im
1083 1685 1177 1746 Index
1200 1686 1409 1746 einensioheru

226 1801 347 1864 Sohluss
377 1803 479 1863 ziahen
501 1803 595 1863 darf'.
616 1803 775 1880 (Apparuit
796 1802 873 1862 enim
894 1803 977 1862 nobis
997 1802 1222 1879 inquirentibus,
1246 1803 1323 1881 apud
1343 1801 1409 1863 Cas·

223 1921 298 1979 sium
321 1919 446 1979 Dionem
467 1919 621 1997 aliquoties
641 1920 883 1997 praepositionem
906 1919 990 1999 παρὰ
1009 1941 1075 1981 oum
1092 1922 1259 1980 aeonsativo
1278 1921 1408 1980 ooninno·

223 2039 285 2093 tum
305 2034 435 2094 additam
455 2053 516 2094 esse
537 2035 638 2095 vorbis
658 2034 755 2109 eundi,
777 2035 807 2094 id
827 2035 904 2113 quod
924 2035 1061 2096 Sturuins
1081 2037 1197 2096 omnino
1218 2055 1276 2095 non
1288 2054 1408 2095 comme

222 2151 351 2212 monuit
390 2151 421 2209 in
451 2150 550 2210 Indioe
581 2150 715 2229 Graeco).
746 2151 838 2210 Plura
871 2153 959 2212 etiam
989 2171 1162 2212 enumerare
1191 2171 1344 2230 possumus
1374 2157 1409 2211 nt

222 2266 382 2326 indioemus
411 2286 500 2344 qnam
530 2287 588 2327 uon
619 2268 847 2345 persuetus
877 2269 917 2326 sit
946 2267 1056 2328 Sturuii
1077 2267 1180 2345 Index,
1202 2269 1252 2327 sed
1272 2249 1304 2327 in
1324 2287 1406 2346 prae-

223 2385 317 2443 sentia
336 2382 408 2444 hueo
428 2386 499 2442 satis
519 2383 669 2444 habemus.
691 2384 840 2444 Postremo
861 2384 1154 2444 animadvertendum
1176 2389 1230 2460 est,
1250 2403 1301 2444 nos
1311 2385 1407 2463 ipsum

223 2504 391 2559 contextum
422 2519 508 2577 quem
534 2499 655 2576 praebet
683 2499 771 2559 editio
802 2501 1049 2575 Boissevainiaua,
1070 2519 1189 2579 prorsus
1208 2501 1405 2579 inquisivisse,

223 2636 336 2695 semper
367 2617 454 2676 etiam
485 2617 628 2677 addidisse
658 2618 735 2676 looos
767 2637 804 2676 ex
836 2617 935 2693 Suidu,
967 2619 1075 2677 Ioanne
1106 2618 1298 2694 Antiocheno,
1320 2619 1407 2679 Petro

223 2733 350 2794 Patrioio
381 2734 556 2812 desumptos,
587 2735 637 2811 qui
669 2734 786 2813 quidem
817 2736 901 2794 iuxta
924 2736 1068 2795 Dionnum
1089 2741 1258 2796 oontextum
1280 2736 1404 2814 adpositi

224 2855 294 2909 sunt
323 2851 355 2909 in
385 2870 420 2910 ea
450 2850 584 2926 editione,
616 2851 744 2911 omisisse
775 2857 872 2912 tamen
893 2872 941 2912 eos
961 2853 1047 2928 loeos,
1068 2853 1119 2929 qui
1137 2852 1168 2910 iu
1186 2853 1262 2911 oaloe
1284 2853 1407 2930 paginae

223 2965 415 3027 inveniantur
435 2967 536 3045 quales
558 2973 627 3026 sunt
644 2967 681 3027 ir.
704 2969 733 3043 5,
755 2969 790 3043 83
812 2970 841 3044 5,
863 2971 899 3043 93
921 2971 949 3045 6,
972 2972 1004 3044 13
1027 2971 1055 3044 6,
1077 2971 1095 3028 7
1116 2987 1179 3028 aa.
