3400 5212
813 518 855 583 83

293 705 343 787 76,
370 705 419 786 11,
446 705 481 768 l:
508 703 570 784 ἤδει
596 703 627 767 δέ
652 701 704 767 nal
730 701 813 784 ποορά
837 701 971 780 μάνπεοον
995 699 1136 773 άκοάοοος.

292 817 434 881 Verbum
448 815 599 890 ἐοοικούειν
610 818 708 882 semel
721 819 832 882 inveni
843 837 917 880 cum
932 816 1164 900 praepositione
1174 813 1257 895 ποορά
1266 817 1417 878 coniunc-

247 936 332 1008 tum;
359 931 497 1014 legimus
517 933 603 995 enim
617 931 668 1012 50,
682 931 763 1013 32,.1
779 931 818 995 de
831 931 988 1015 proelium
1001 929 1115 992 navale
1127 928 1418 993 committentibus:

248 1042 355 1107 πολλά
390 1043 444 1121 μὲν
476 1042 762 1124 ποοροοκελεάομοοποο
786 1045 815 1107 ἐν
838 1043 955 1116 {aaron
980 1041 1157 1120 ποιούμενοι,
1183 1040 1288 1106 πολλοὶ
1311 1040 1342 1105 δέ
1367 1039 1419 1104 κοοὶ

247 1155 428 1235 κελεάμοοποο
457 1155 540 1236 ποορά
563 1161 620 1220 τῶν
643 1158 677 1220 ἐκ
699 1165 754 1232 τῆς
778 1156 897 1237 ἠπείρου
922 1155 1028 1238 σφίσιν
1052 1155 1242 1234 ἐπιβοώντων
1265 1153 1419 1220 εὀοοκοάον-

247 1296 298 1344 περ
323 1271 452 1356 [multas
475 1273 584 1354 itaque
606 1273 691 1335 inter
714 1290 748 1335 se
772 1271 1019 1352 adhortationes,
1043 1271 1246 1334 celeusmatis
1266 1268 1420 1332 acclama-

247 1387 351 1448 tiones
381 1383 585 1466 adhibebant,
618 1384 801 1467 multasque
833 1384 1070 1447 adhortationes
1093 1382 1146 1466 (cf.
1170 1382 1261 1446 Plato
1285 1381 1420 1445 Phaedr.

249 1499 313 1563 253
345 1496 374 1561 D
402 1499 541 1581 aliisque
570 1497 663 1581 locis)
694 1497 909 1562 exaudiebant
932 1518 950 1561 a
974 1504 1064 1581 parte
1087 1516 1199 1561 eorum
1225 1497 1282 1580 qni
1304 1516 1321 1558 a
1345 1513 1420 1558 con-

247 1613 369 1677 tinente
404 1616 488 1676 terra
523 1614 602 1695 ipsis
637 1610 877 1696 acclamabant].
913 1611 983 1675 Etsi
1016 1610 1208 1674 vocabulum
1239 1607 1421 1686 κελεύμοιποι

248 1725 398 1810 Pflugkio
432 1727 476 1789 ita
511 1725 676 1808 displicuit
712 1731 747 1788 ut
778 1725 906 1807 deleret,
937 1729 1044 1788 tamen
1076 1743 1208 1788 necesse
1237 1743 1301 1786 non
1335 1723 1421 1788 vide

248 1844 302 1902 tur
335 1838 428 1902 nobis
463 1840 611 1903 assentiri
647 1838 716 1902 viro
751 1838 954 1918 doctissimo;
990 1857 1054 1902 non
1086 1839 1172 1902 inest
1203 1856 1281 1901 sane
1311 1841 1421 1900 nostro

249 1953 319 2015 loco
354 1951 546 2036 significatio
569 1953 722 2016 carminis
746 1953 964 2016 celeusmatici
987 1969 1093 2036 neque
1115 1952 1206 2034 iussi,
1230 1951 1286 2016 sed
1308 1951 1422 2014 adhor-

249 2067 379 2130 tationis
415 2085 514 2130 sensu
550 2067 635 2150 apud
660 2066 828 2131 Platonem
852 2085 1020 2130 occurrere
1043 2066 1204 2145 diximus;
1227 2083 1334 2149 neque
1358 2064 1422 2128 dis-

250 2179 346 2264 plicet
380 2181 505 2244 iteratio
539 2179 606 2245 fere
641 2180 786 2245 eiusdem
822 2180 971 2244 vocabuli
1002 2180 1035 2243 id
1067 2179 1153 2263 quod
1184 2181 1313 2263 saepius
1337 2180 1423 2263 apud

249 2291 386 2357 Dionem
421 2295 590 2358 invenitur
624 2294 663 2377 (e.
676 2315 706 2378 g.
742 2295 794 2376 46,
825 2296 879 2385 39,
909 2295 947 2357 3:
971 2293 1104 2357 άπεῖπον
1129 2331 1164 2340 -
1193 2293 1421 2373 άπννόρενοοονς

249 2406 302 2488 47,
341 2406 391 2488 19,
425 2408 463 2470 2:
500 2407 603 2488 idem3
640 2408 693 2489 60,
716 2407 746 2489 6,
770 2408 790 2471 3
815 2409 953 2486 iterum3
979 2408 1031 2488 39,
1055 2408 1107 2489 56,
1129 2408 1167 2470 4:
1192 2404 1423 2486 άπννορεάονπος

250 2519 306 2597 μὲν
341 2557 381 2568 —-
416 2518 613 2599 ἀπειρηκότος
647 2519 703 2604 δὲ).
739 2519 857 2584 Nostro
893 2521 962 2584 loco
992 2521 1077 2584 idem
1104 2521 1209 2586 valere
1232 2521 1295 2584 dici
1319 2525 1424 2604 potest

251 2634 338 2718 quod
369 2636 436 2698 iam
469 2637 599 2718 saepius
634 2634 786 2717 diximus
818 2636 1087 2719 praepositionem
1122 2632 1205 2714 ποιρά
1228 2639 1295 2698 non‘
1317 2635 1422 2699 solum

251 2767 324 2812 cum
371 2748 468 2812 verbo
503 2746 693 2821 ἐοινκούονπες
729 2749 898 2813 cohaerere
934 2748 992 2812 sed
1025 2749 1120 2812 etiam
1156 2768 1231 2813 cum
1266 2748 1423 2813 vocabulo

251 2860 442 2939 κελεάμοοποι,
477 2865 522 2926 ita
557 2868 592 2927 ut
621 2863 859 2927 adhortationes
891 2862 930 2926 ab
954 2882 1065 2928 eorum
1089 2868 1178 2947 parte
1202 2864 1259 2947 qui
1281 2864 1315 2926 in
1339 2867 1424 2927 terra

251 2958 436 3042 continente
469 2975 598 3041 stabant
633 2977 673 3040 ad
706 2977 899 3061 proeliantes
930 2978 1096 3061 pervenire
1128 2997 1209 3061 quas
1233 2977 1425 3042 exaudirent

251 3090 313 3154 dici
337 3093 470 3174 possint

295 3202 440 3269 Verbum
475 3201 632 3281 μοονάάνειν
666 3205 853 3288 saepissime
888 3205 974 3288 apud
1009 3203 1145 3269 Dionem
1183 3207 1324 3270 occurrit
1358 3212 1423 3270 tam

251 3317 396 3382 discendi
432 3338 527 3402 quam
564 3318 717 3383 audiendi
752 3319 900 3399 notione;
924 3321 958 3382 in
984 3339 1048 3403 quo
1073 3319 1170 3384 verbo
1194 3340 1290 3385 usum
1313 3320 1424 3404 vulga·

251 3436 320 3494 tum
354 3430 420 3496 fere
455 3437 586 3496 secutus
618 3437 675 3497 est.
706 3431 788 3497 Nam
813 3433 916 3517 potuit
941 3433 1070 3517 quidem
1095 3433 1156 3497 hoc
1180 3433 1313 3498 verbum
1335 3435 1424 3518 geni·

251 3546 354 3609 tivum
387 3564 541 3629 personae
565 3547 754 3628 adsciscere,
777 3547 834 3611 sed
858 3549 936 3612 haec
960 3549 1041 3612 ratio
1065 3548 1127 3611 iam
1151 3549 1332 3632 antiquitus
1351 3567 1424 3631 poe-

251 3664 355 3722 tarum
382 3660 521 3722 sermoni
544 3661 674 3743 propior
692 3659 755 3723 fuit
768 3680 864 3744 quam
879 3663 1070 3744 scriptorum
1086 3663 1185 3726 veluti
1198 3660 1424 3745 Xenophontis

251 3775 285 3835 in
310 3751 387 3853 Oyr.¹
408 3773 436 3854 1,
461 3773 490 3854 6,
513 3773 556 3836 44
581 3771 680 3857 (μάθε
703 3771 735 3836 δέ
755 3796 812 3851 μον
833 3772 885 3838 nal
898 3772 983 3846 τάδε,
997 3770 1018 3837 ὦ
1032 3781 1101 3847 ποοῖ,
1116 3772 1188 3855 ἐφη,
1202 3772 1244 3837 πά
1257 3772 1423 3860 μέγιστοι).

252 3885 289 3949 cf.
314 3884 385 3967 (lyr.
402 3887 471 3968 1‚3‚
486 3887 544 3950 10:
569 3885 750 3964 ἐμανθάνετε
773 3885 855 3950 οὐδὲν
876 3887 1030 3962 dandami.
1055 3886 1214 3966 μανθάνειν
1237 3889 1270 3951 ἐκ
1296 3907 1425 3972 quoque

251 4001 447 4084 exquisitius
483 4001 588 4083 paulc,
622 4000 734 4064 saltem
770 4003 876 4064 rarius
911 4007 958 4065 est
983 4000 1091 4085 (Soph.
1117 4001 1163 4065 nl.
1188 4003 1270 4065 352:
1295 3998 1366 4079 μάθ’
1393 3997 1426 4074 ἐξ

252 4114 339 4193 ἐμοῦ,
364 4115 479 4178 Aesch.
505 4113 579 4177 Cho.
604 4114 686 4177 853:
713 4109 747 4188 ἐξ
771 4114 911 4193 άμοονράς
935 4113 1072 4187 κληδόνος
1093 4113 1177 4192 λέγει
1191 4114 1424 4195 μοοάάν).Ροοθ-

251 4230 367 4311 positio
401 4234 507 4292 autom
544 4226 627 4309 ποορά
665 4229 874 4291 usitatissima
909 4233 974 4307 est;
1011 4247 1037 4291 e.
1061 4250 1090 4311 g.
1127 4231 1240 4294 Aesch.
1276 4230 1336 4313 Ag.
1360 4230 1424 4292 858

253 4340 324 4425 (οὐκ
358 4341 461 4405 άλλοον
498 4341 581 4422 πάροι
617 4340 740 4418 μοοάοῦο’
774 4341 910 4416 ε’μοουπῆς
933 4339 1076 4421 δύσφορον
1101 4339 1178 4415 λέξω
1203 4341 1306 4427 βίον),
1331 4341 1425 4425 Soph.

254 4455 328 4518 Ant.
374 4455 459 4518 1012
502 4454 650 4539 (ποιοοῦποο
693 4454 801 4526 ποοιδὸς
843 4454 924 4518 τοῦδ’
968 4453 1127 4532 ἐμάνθανον
1169 4455 1290 4542 πάροι),
1335 4456 1425 4520 Plato
