3400 5212
847 535 887 626 aa

272 724 402 787 ,σκεσθννι
426 741 496 796 ease
519 723 672 787 localem:
700 721 782 804 „sibi
806 721 890 806 alqd.
912 722 1059 786 invenire
1082 719 1301 785 alicubi’l
1325 757 1366 767 —
1380 718 1455 786 (las-
1581 791 1586 804 ,

279 839 349 902 sius
385 840 494 901 noster
525 855 591 900 uno
614 836 684 899 loeo
708 837 979 919 praepositionem
1005 835 1075 914 πρὸς
1098 832 1173 899 o'um
1197 835 1342 918 genitivo
1366 834 1456 898 adhi-

279 950 390 1016 buisse
412 950 551 1032 videtur,
585 949 639 1032 4l,
673 950 726 1032 42,
762 949 797 1012 7:
841 948 911 1028 πρὸς
945 952 996 1012 τοῦ
1031 946 1193 1024 Πομπηίον
1228 946 1325 1025 τιμὰς
1349 943 1454 1028 εὕρετο,

279 1042 439 1129 adductus
463 1066 498 1128 ni
521 1063 615 1127 fallor
637 1081 749 1127 eornm
771 1062 946 1128 verborum
966 1083 1029 1128 usu
1050 1081 1132 1147 quae
1151 1065 1185 1126 in
1198 1064 1327 1147 passivo
1339 1080 1457 1156 genere

279 1179 408 1262 saepius
443 1178 713 1262 praepositionem
747 1176 817 1256 πρὸς
840 1196 915 1241 enm
938 1177 1081 1261 genitivo
1105 1177 1311 1241 coniunctam
1335 1177 1456 1240 adscis-

279 1295 367 1374 cunt,
391 1310 416 1355 e.
429 1311 458 1375 g.
480 1290 627 1366 τνμνῖσθννν
654 1287 725 1370 πρός
749 1311 826 1361 τινος
851 1291 903 1372 38,
928 1290 980 1372 23,
1005 1291 1041 1370 53
1065 1289 1119 1372 47,
1140 1290 1169 1372 7,
1183 1289 1218 1369 1;
1233 1291 1286 1372 53,
1300 1290 1400 1373 23,3.
1414 1326 1456 1336 -

281 1404 417 1470 Restant
442 1403 506 1467 dno
530 1404 593 1467 loci
616 1402 673 1468 nbi
696 1402 876 1468 emendatio
900 1403 1043 1467 adhibita
1066 1403 1118 1468 vel
1142 1402 1322 1468 adhibenda
1342 1408 1399 1486 est,
1418 1403 1457 1468 de

282 1517 402 1604 quibus
426 1536 515 1582 nuno
538 1516 684 1582 dicamus
708 1535 840 1582 neeesse
864 1515 1009 1581 videtur:

327 1631 379 1714 64,
402 1633 433 1714 4,
457 1632 492 1694 l:
517 1633 701 1710 στρατιῶται
716 1677 723 1692 .
738 1675 746 1692 .
761 1675 790 1693 ..
813 1627 966 1707 μηδεμίαν
978 1627 1149 1710 εὐεργεσίαν
1174 1629 1189 1691 ὑ
1204 1629 1254 1693 τὸ
1279 1627 1457 1707 aedilitatis

283 1744 428 1825 εὑρόμενοι
453 1749 551 1829 atque
1073 1730 1076 1736 V

326 1861 379 1942 49,
403 1860 455 1942 29,
480 1859 516 1922 l:
542 1856 597 1921 καί
618 1880 648 1921 τι
672 1857 723 1920 καὶ
748 1855 857 1921 τοιόνδε
890 1857 1008 1937 παρὰ
1039 1866 1087 1939 τῇ
1120 1855 1238 1938 τύχῃ
1263 1854 1375 1948 εὕροντο
1399 1857 1459 1942 (ita

283 1972 374 2038 codd.
398 1955 482 2056 ΕΜ).

326 2086 438 2151 Priore
460 2086 531 2149 loco
554 2084 723 2150 Bekkerns
746 2085 782 2147 in
805 2085 891 2149 calce
910 2085 1046 2168 paginae
1066 2085 1217 2149 editionis
1238 2103 1316 2150 snae
1329 2084 1456 2158 ,,ν1τὸΡ”

283 2199 388 2283 habet,
414 2199 573 2263 adductus
597 2200 632 2262 ni
653 2198 748 2262 fallor
770 2218 832 2263 usu
856 2196 1079 2279 Thucydidem
1104 2199 1131 2262 si
1155 2199 1241 2262 enim
1265 2200 1460 2282 respexisset

283 2334 381 2379 usum
403 2311 565 2378 Dioneum
589 2313 696 2396 potius
719 2313 907 2376 inclinasset
929 2314 982 2376 vir
1005 2313 1119 2376 doetus
1139 2312 1179 2376 ad
1191 2313 1459 2397 praepositionem

286 2427 369 2508 παρὰ
394 2448 458 2512 qua
482 2427 614 2511 reliquis
634 2426 713 2490 loeis
733 2430 867 2510 excepto
880 2427 932 2507 41,
945 2427 997 2509 42,
1011 2426 1028 2488 7
1042 2425 1140 2510 (πρὸς)
1154 2423 1288 2492 Cassius
1301 2447 1381 2492 usus
1393 2430 1458 2505 est;

284 2561 349 2605 non
384 2543 497 2625 ignoro
529 2559 607 2605 sane
631 2540 768 2604 multum
794 2539 912 2604 distare
935 2540 1100 2604 literarum
1125 2540 1226 2604 dnotu
1249 2560 1286 2604 ae
1309 2559 1458 2624 compen-

194 2667 195 2675 ’
286 2656 348 2720 diis
382 2653 540 2718 voeabula
576 2653 633 2716 ὑπὸ
668 2659 766 2737 atque
802 2650 896 2733 rapat,
922 2671 1021 2737 qnare
1044 2671 1103 2737 ego
1127 2654 1284 2718 medelam
1308 2652 1459 2718 adhibere

285 2770 385 2834 nolim
409 2768 565 2832 mutando
590 2766 648 2830 ὑπὸ
671 2768 705 2830 in
731 2765 831 2848 παραὶ,
858 2785 990 2831 necesse
1013 2772 1120 2831 autem
1144 2787 1209 2831 non
1230 2766 1330 2832 habeo
1350 2768 1458 2832 locum

286 2888 418 2959 mutare,
454 2884 511 2966 qui
547 2882 625 2945 milri
659 2885 745 2945 reate
775 2869 810 2945 se
840 2879 957 2944 habere
988 2881 1153 2961 videatur;
1179 2881 1274 2946 sienti
1296 2883 1383 2946 enim
1406 2881 1459 2964 41,

285 2997 338 3078 42,
374 2995 392 3057 7
428 2995 696 3078 praepositionem
734 2993 805 3073 πρὸς
835 2993 1010 3058 adhibitam
1042 2993 1200 3077 videmus,
1224 3014 1289 3078 qua
1311 3000 1458 3060 nostrum

285 3111 354 3175 veri
385 3109 490 3173 simile
520 3112 569 3173 est
600 3110 639 3173 de
661 3109 823 3173 industria
845 3128 942 3173 usum
966 3127 1036 3174 esse
1060 3109 1236 3173 adductum
1261 3129 1324 3174 usu
1346 3108 1459 3174 verbo-

286 3235 360 3289 rum
394 3224 433 3288 de
468 3242 533 3308 quo
558 3243 656 3306 snpra
680 3222 759 3305 dixi,
782 3242 865 3307 qnae
887 3224 1016 3306 saepius
1039 3241 1108 3287 eam
1133 3228 1305 3288 assumunt
1329 3243 1460 3308 praepo·

286 3340 446 3420 sitionem,
480 3338 526 3401 sie
561 3344 671 3402 nostro
707 3337 777 3401 loeo
811 3336 881 3402 fieri
911 3339 1016 3420 potuit
1049 3342 1085 3401 ut
1107 3339 1375 3422 praepositionem
1401 3337 1459 3401 ὑπὸ

287 3451 452 3517 adhiberet
486 3452 614 3517 easdem
649 3458 781 3517 secutus
805 3453 945 3516 rationes
969 3470 1052 3535 quae
1074 3450 1323 3536 Xenophontem
1346 3453 1460 3537 impel-

286 3569 390 3632 lerent
426 3569 461 3630 ut
491 3563 660 3644 τυγχάνειν
684 3565 783 3637 αἰδοῦς
808 3562 868 3628 ὑπό
890 3587 966 3637 τινος
990 3566 1110 3630 diceret
1131 3564 1260 3650 (Cyrop.
1287 3568 1315 3649 l,
1340 3568 1369 3649 6,
1396 3566 1460 3650 10),

287 3683 339 3747 vel
371 3680 538 3744 Platonem
569 3683 606 3743 ut
628 3680 782 3744 scriberet
806 3676 889 3751 δίκης
911 3675 1081 3757 τυγχάνειν
1106 3677 1166 3742 ὑπό
1188 3702 1284 3760 τινος,
1309 3679 1458 3745 substan-

286 3796 389 3859 tivum
424 3796 510 3859 enim
546 3791 710 3873 εὐεργεσία,
742 3812 885 3877 quonum
907 3794 1081 3858 coniuncta
1104 3797 1245 3858 occurrit
1268 3794 1459 3878 praepositio

289 3905 357 3979 ὑπό,
390 3907 549 3971 eiusmodi
579 3912 629 3971 est
653 3912 690 3970 ut
707 3907 841 3990 passiva
863 3903 930 3970 fere
953 3907 1042 3970 notio
1065 3908 1143 3971 insit
1166 3908 1211 3971 ita
1234 3912 1269 3972 nt
1293 3906 1460 3988 εὐεργεσίαν

288 4016 470 4098 εὑρίσκεσθαι
494 4017 561 4084 fere
583 4020 669 4083 idem
694 4020 737 4083 sit
759 4022 856 4102 atque
880 4017 1114 4100 εὐεργετεῖτθνν,
1141 4018 1273 4086 Cassius
1292 4023 1403 4106 itaque
1422 4023 1461 4087 de

286 4134 347 4197 hao
370 4132 606 4217 significatione
630 4132 734 4218 deque
756 4133 816 4197 hac
839 4131 1012 4197 verborum
1034 4135 1262 4200 coniunctione
1273 4137 1462 4222 cogitaverit

287 4267 361 4312 cum
386 4248 656 4331 praepositionem
681 4247 739 4310 ὑπὸ
763 4250 975 4332 usurpaverit.

332 4361 436 4425 Aliter
469 4378 520 4426 res
555 4380 590 4426 se
625 4361 721 4426 habet
751 4362 851 4427 altero
882 4361 968 4446 quod
998 4361 1203 4428 laudavimus
1227 4365 1374 4450 exemplo
1397 4366 1461 4449 (49,

289 4477 341 4560 29,
373 4476 423 4561 1);
457 4498 491 4538 τ.
521 4484 559 4557 τῇ
592 4473 677 4556 raim
707 4471 827 4556 aliperao.
851 4473 982 4541 (tollatis
1006 4475 1163 4561 exemplis
1186 4477 1305 4561 quibus
1327 4497 1459 4564 praepo·

541 4780 1299 5182 Mra
