3378 5222
845 508 888 570 24

322 694 463 761 Necesse
499 711 570 759 esse
604 697 712 758 autem
748 712 813 758 non
848 694 976 759 videtur
999 697 1116 760 mutari
1141 696 1295 760 dativum.
1320 695 1454 763 Collatia

278 811 365 875 anim
399 808 565 892 exemplis,
601 806 658 870 nbi
693 806 733 871 de
767 806 913 872 coetibus
947 809 1043 874 iustis
1073 812 1143 874 siva
1174 814 1360 875 senatorum
1383 814 1453 878 sive

278 922 389 1008 populi
419 924 534 1007 agitur,
565 939 672 984 eoram
705 920 826 1004 quibus
851 922 929 1005 quid
951 920 997 999 fit,
1020 921 1140 1007 quibus
1163 923 1242 988 loeis
1265 943 1360 988 nemo
1384 944 1453 989 eor·

278 1038 451 1102 rectionem
486 1033 639 1099 adhibere
673 1033 786 1117 voluit,
818 1037 937 1101 nostris
961 1054 1092 1120 qnoque
1114 1035 1242 1102 duobus
1264 1036 1345 1102 loeis
1368 1042 1454 1102 reete

278 1171 314 1217 sa
347 1150 465 1215 habere
498 1152 530 1213 at
564 1167 639 1212 oum
674 1149 814 1214 dictione
848 1147 974 1215 Dionea
1008 1151 1180 1214 convenire
1207 1150 1336 1215 videtur
1358 1151 1452 1215 lectio

193 1267 198 1278 '
278 1264 409 1330 tradita:
448 1261 679 1344 ,Praesidium
712 1262 827 1327 foedus
857 1262 1044 1348 flagitabant
1080 1264 1165 1348 apud
1199 1263 1372 1348 Romanos,
1396 1285 1453 1350 per

282 1377 423 1462 ,legatos
458 1377 516 1460 qui
550 1375 590 1439 de
619 1375 747 1440 foedere
769 1375 897 1440 iciando
920 1377 1013 1441 missi
1036 1377 1076 1441 ad
1100 1396 1155 1442 eos
1179 1383 1333 1443 venerant
1356 1384 1453 1464 atqua

282 1493 347 1576 ,in
393 1489 558 1576 populi
603 1491 832 1554 contione
877 1509 1029 1555 eoram
1074 1492 1452 1577 magistratibus

282 1609 450 1689 ,votorum
473 1607 637 1687 compotes
658 1601 728 1668 fieri
751 1605 858 1668 eonati
881 1603 979 1669 sunt''
995 1601 1026 1686 ¹).

325 1829 344 1911 ξ
368 1829 397 1892 6.
420 1826 488 1891 Iam
512 1829 612 1892 restat
637 1831 673 1890 nt
692 1846 827 1911 agamus
846 1826 887 1891 de
898 1826 1145 1911 praepositionis
1159 1826 1243 1907 παρὰ
1255 1846 1329 1892 oum
1354 1849 1404 1894 su
1418 1829 1452 1893 b·

279 1941 515 2008 stantivis
550 1946 581 2005 et
615 1939 981 2025 pronominibus
1017 1942 1294 2007 coniunctaausu
1318 1944 1453 2008 nullo

279 2055 422 2120 verbo
456 2054 641 2119 addito:

323 2168 543 2234 Laudavimus
566 2169 628 2232 iam
653 2170 688 2231 in
713 2168 803 2232 exitu
826 2168 845 2250 ξ
869 2171 922 2231 4³0
948 2167 1105 2233 nonnulla
1129 2170 1286 2254 exempla,
1309 2170 1326 2244 ἡ
1346 2191 1380 2234 rr.
1394 2191 1451 2233 τινι

280 2279 400 2357 εὐδοξία
434 2281 500 2365 (50,
536 2282 588 2366 27,
625 2280 676 2364 7);
708 2277 782 2355 δόξαι
806 2280 872 2364 (44,
896 2282 947 2363 33,
972 2280 1016 2364 4),
1041 2281 1132 2362 Φήμη
1157 2282 1224 2366 (74,
1249 2285 1277 2365 9,
1302 2283 1345 2367 3),
1367 2303 1453 2368 ¹qnae

280 2417 354 2462 oum
387 2394 493 2460 verbis
515 2397 556 2459 iis
580 2395 748 2459 cohaerere
772 2395 930 2477 videntur,
954 2414 1037 2478 qnae
1061 2397 1283 2460 auctoritatem
1307 2396 1359 2462 vel
1381 2418 1452 2481 gra-

280 2513 357 2575 tiam
381 2510 535 2591 indioant,
558 2529 654 2593 qnam
680 2511 755 2593 quis
778 2509 874 2573 habet
897 2509 982 2592 apud
1005 2509 1156 2593 aliquem.
1181 2547 1222 2557 -
1243 2509 1452 2576 Ceteraeius-

281 2625 366 2689 modi
389 2623 538 2706 exempla
561 2623 639 2686 haee
662 2628 755 2687 sunt:
779 2625 831 2706 43,
844 2623 895 2704 30,
910 2626 945 2685 2:
969 2623 985 2697 ι)
1006 2643 1039 2686 π.
1060 2623 1102 2702 τῷ
1122 2623 1288 2701 Νικομήδει
1309 2624 1450 2705 διατριβὴ

280 2739 351 2824 (nbi
386 2737 562 2801 localis
596 2756 678 2801 usus
712 2738 854 2801 maxime
885 2741 1032 2801 servatus
1063 2743 1127 2815 est3
1162 2739 1215 2819 ,in
1238 2738 1333 2803 domo
1356 2738 1451 2804 Nioo·

281 2853 383 2917 medis
406 2848 666 2933 commoratio’');

326 2966 378 3044 ot,
413 2965 471 3029 73:
508 2963 580 3034 sin.
606 2961 689 3041 αὐτῷ
714 2958 822 3036 ξένισις
857 2961 1134 3046 (hospitium
1170 2964 1205 3026 in
1230 2963 1325 3029 domo
1349 2967 1452 3051 sins),

323 3078 426 3142 Panlo
449 3078 587 3142 ulterius
610 3095 779 3160 progressa
802 3076 1066 3160 estsignifioatio
1091 3079 1338 3160 praepositionis
1363 3081 1452 3146 hisee

280 3194 377 3258 loeis:
403 3197 459 3265 τῆς
480 3212 514 3255 π.
538 3192 611 3268 ἡμῖν
634 3188 793 3262 ναυτιλίας
816 3191 868 3273 39,
888 3191 940 3271 41,
963 3190 1450 3277 l;(navigationisgennsindi-

281 3314 380 3384 eatur,
404 3304 491 3390 qnod
515 3307 560 3368 in
584 3310 750 3369 nostra
774 3306 971 3388 regione
994 3305 1451 3389 inusuest);sio:s{asylrrn

280 3443 313 3483 ιτ.
338 3420 442 3490 αὐτοῖς
465 3415 549 3497 ἀρχὴ
574 3418 625 3499 69,
653 3418 701 3500 16,
727 3419 762 3496 1;
788 3416 951 3501 (summus
974 3419 1189 3501 magistratus,
1210 3421 1267 3503 qui
1286 3438 1396 3485 eorum
1416 3424 1451 3485 in

279 3535 409 3620 regione
432 3533 568 3615 exsistit,
591 3531 643 3595 vel
667 3533 695 3596 is
720 3533 927 3615 magistratus
951 3533 1008 3614 qni
1034 3549 1165 3612 ,eorum
1189 3532 1342 3598 arbitrio”
1363 3554 1451 3600 sum·

281 3667 354 3712 mus
377 3646 448 3730 est).

208 3735 212 3749 ¹
323 3759 366 3825 re
388 3757 493 3837 spata
515 3756 558 3822 τὰ
580 3779 612 3820 π.
639 3755 756 3829 ἐκείνοις
780 3759 832 3836 45,
856 3758 908 3842 36,
933 3758 952 3820 3
977 3763 1185 3842 opponuntur
1207 3765 1269 3832 τοῖς
1289 3761 1451 3842 ἡμετέροις,

283 3963 427 3972 ——-

313 4092 342 4158 1)
359 4092 398 4142 Ad
417 4092 533 4142 alterum
550 4090 733 4155 fragmentum
751 4087 804 4154 (66,
821 4087 850 4154 i)
868 4103 893 4139 v.
910 4090 943 4140 ol.
962 4089 1114 4141 Boissevain
1132 4090 1160 4141 in
1179 4091 1251 4142 ealce
1263 4093 1452 4158 paginaehaec

281 4184 407 4236 adnotat:
434 4181 576 4234 »Ceterum
601 4181 685 4231 etiam
702 4198 728 4231 π.
746 4180 868 4242 Ῥωμαίων
885 4179 1011 4246 eclogarii
1029 4187 1108 4246 esset,
1126 4196 1189 4233 nam
1208 4180 1297 4243 δέομαί
1310 4202 1372 4242 τινος
1388 4185 1453 4246 παρά

279 4293 349 4340 τινος,
373 4273 567 4341 posterioribus
591 4273 733 4336 usitatum,
759 4272 891 4324 Diononm
916 4287 969 4324 non
986 4273 1053 4324 est.'’
1071 4273 1232 4326 addendum
1250 4289 1309 4326 asse
1327 4277 1451 4328 videtur:

268 4379 379 4419 ‘mensu
405 4362 590 4430 petendi”‚
616 4378 680 4414 nam
707 4363 876 4428 ’agendi'
903 4378 985 4415 sensu
1011 4365 1130 4415 occurrit
1148 4363 1236 4427 δέομαί
1250 4381 1312 4425 τινος
1329 4385 1356 4420 π.
1372 4385 1452 4425 revoc:

280 4455 460 4524 m‚sa;es‚
478 4454 519 4521 m,
537 4454 569 4520 3;
587 4453 687 4522 saar,
705 4455 738 4521 ι;
756 4454 882 4523 ossa
