<?xml version="1.0" encoding="UTF-8"?>
<!DOCTYPE html PUBLIC "-//W3C//DTD XHTML 1.0 Transitional//EN"
    "http://www.w3.org/TR/xhtml1/DTD/xhtml1-transitional.dtd">
<html xmlns="http://www.w3.org/1999/xhtml" xml:lang="en" lang="en">
 <head>
  <title>
</title>
<meta http-equiv="Content-Type" content="text/html;charset=utf-8" />
  <meta name='ocr-system' content='tesseract 3.04.00' />
  <meta name='ocr-capabilities' content='ocr_page ocr_carea ocr_par ocr_line ocrx_word'/>
</head>
<body>
  <div class='ocr_page' id='page_1' title='image "./depraepositioni00nawigoog_0173.png"; bbox 0 0 3378 5212; ppageno 0'>
   <div class='ocr_carea' id='block_1_1' title="bbox 828 529 892 593">
    <p class='ocr_par' dir='ltr' id='par_1_1' title="bbox 828 529 892 593">
     <span class='ocr_line' id='line_1_1' title="bbox 828 529 892 593; baseline 0.016 -1"><span class='ocrx_word' id='word_1_1' title='bbox 828 529 892 593; x_wconf 90' lang='grc'>164</span> 
     </span>
    </p>
   </div>
   <div class='ocr_carea' id='block_1_2' title="bbox 214 715 1455 4439">
    <p class='ocr_par' dir='ltr' id='par_1_2' title="bbox 272 715 1447 1031">
     <span class='ocr_line' id='line_1_2' title="bbox 272 715 1443 803; baseline -0.003 -21"><span class='ocrx_word' id='word_1_2' title='bbox 272 720 306 782; x_wconf 93' lang='lat' dir='ltr'>in</span> <span class='ocrx_word' id='word_1_3' title='bbox 331 718 449 803; x_wconf 91' lang='lat' dir='ltr'>quibus</span> <span class='ocrx_word' id='word_1_4' title='bbox 472 718 666 801; x_wconf 79' lang='lat' dir='ltr'><strong>praepositio</strong></span> <span class='ocrx_word' id='word_1_5' title='bbox 690 716 840 800; x_wconf 81' lang='lat' dir='ltr'>deinceps</span> <span class='ocrx_word' id='word_1_6' title='bbox 864 716 1039 801; x_wconf 84' lang='lat' dir='ltr'>significat:</span> <span class='ocrx_word' id='word_1_7' title='bbox 1064 720 1098 779; x_wconf 94' lang='lat' dir='ltr'>in</span> <span class='ocrx_word' id='word_1_8' title='bbox 1119 720 1212 779; x_wconf 88' lang='lat' dir='ltr'>coetu</span> <span class='ocrx_word' id='word_1_9' title='bbox 1228 715 1443 798; x_wconf 88' lang='lat' dir='ltr'>quorundam,</span> 
     </span>
     <span class='ocr_line' id='line_1_3' title="bbox 273 827 1447 913; baseline -0.003 -17"><span class='ocrx_word' id='word_1_10' title='bbox 273 831 404 896; x_wconf 89' lang='lat' dir='ltr'>arbitrio</span> <span class='ocrx_word' id='word_1_11' title='bbox 440 832 508 895; x_wconf 89' lang='lat' dir='ltr'>sive</span> <span class='ocrx_word' id='word_1_12' title='bbox 540 831 661 894; x_wconf 93' lang='lat' dir='ltr'>iudicio</span> <span class='ocrx_word' id='word_1_13' title='bbox 697 831 876 913; x_wconf 88' lang='lat' dir='ltr'>cuiusdam,</span> <span class='ocrx_word' id='word_1_14' title='bbox 906 830 1034 895; x_wconf 87' lang='lat' dir='ltr'>tandem</span> <span class='ocrx_word' id='word_1_15' title='bbox 1066 829 1132 894; x_wconf 86' lang='lat' dir='ltr'>fere</span> <span class='ocrx_word' id='word_1_16' title='bbox 1154 829 1239 893; x_wconf 89' lang='lat' dir='ltr'>idem</span> <span class='ocrx_word' id='word_1_17' title='bbox 1264 833 1363 912; x_wconf 90' lang='lat' dir='ltr'>atque</span> <span class='ocrx_word' id='word_1_18' title='bbox 1387 827 1447 892; x_wconf 80' lang='grc' dir='ltr'>ὑπό</span> 
     </span>
     <span class='ocr_line' id='line_1_4' title="bbox 274 942 1110 1031; baseline -0.005 -23"><span class='ocrx_word' id='word_1_19' title='bbox 274 949 355 1031; x_wconf 84' lang='lat' dir='ltr'>(pag.</span> <span class='ocrx_word' id='word_1_20' title='bbox 381 946 522 1024; x_wconf 79' lang='lat'><strong>16-19)</strong></span> <span class='ocrx_word' id='word_1_21' title='bbox 544 980 588 989; x_wconf 91' lang='lat'><em>-</em></span> <span class='ocrx_word' id='word_1_22' title='bbox 612 942 686 1008; x_wconf 91' lang='lat' dir='ltr'>vide</span> <span class='ocrx_word' id='word_1_23' title='bbox 709 962 842 1027; x_wconf 87' lang='lat' dir='ltr'>quoque</span> <span class='ocrx_word' id='word_1_24' title='bbox 864 942 948 1006; x_wconf 88' lang='lat' dir='ltr'>infra</span> <span class='ocrx_word' id='word_1_25' title='bbox 971 943 990 1025; x_wconf 61' lang='grc' dir='ltr'>ᾗ</span> <span class='ocrx_word' id='word_1_26' title='bbox 1016 944 1034 1004; x_wconf 85' lang='grc'>5</span> <span class='ocrx_word' id='word_1_27' title='bbox 1060 979 1110 1004; x_wconf 91' lang='grc'>-.</span> 
     </span>
    </p>

    <p class='ocr_par' dir='ltr' id='par_1_3' title="bbox 273 1053 1446 1369">
     <span class='ocr_line' id='line_1_5' title="bbox 319 1053 1446 1142; baseline -0.004 -20"><span class='ocrx_word' id='word_1_28' title='bbox 319 1060 338 1142; x_wconf 61' lang='grc' dir='ltr'>ᾗ</span> <span class='ocrx_word' id='word_1_29' title='bbox 369 1058 398 1121; x_wconf 86' lang='grc'>4.</span> <span class='ocrx_word' id='word_1_30' title='bbox 434 1056 568 1141; x_wconf 83' lang='lat' dir='ltr'>Saepius</span> <span class='ocrx_word' id='word_1_31' title='bbox 593 1055 725 1122; x_wconf 81' lang='lat' dir='ltr'>(lessius</span> <span class='ocrx_word' id='word_1_32' title='bbox 749 1056 811 1121; x_wconf 90' lang='lat' dir='ltr'>Dio</span> <span class='ocrx_word' id='word_1_33' title='bbox 834 1057 1102 1141; x_wconf 79' lang='lat' dir='ltr'>praepositionem</span> <span class='ocrx_word' id='word_1_34' title='bbox 1128 1053 1212 1135; x_wconf 75' lang='lat' dir='ltr'>rapui</span> <span class='ocrx_word' id='word_1_35' title='bbox 1235 1055 1382 1119; x_wconf 83' lang='lat' dir='ltr'>adhibuit</span> <span class='ocrx_word' id='word_1_36' title='bbox 1406 1055 1446 1120; x_wconf 91' lang='lat' dir='ltr'>ad</span> 
     </span>
     <span class='ocr_line' id='line_1_6' title="bbox 273 1169 1446 1255; baseline -0.004 -18"><span class='ocrx_word' id='word_1_37' title='bbox 273 1170 462 1237; x_wconf 86' lang='lat' dir='ltr'>indicandas</span> <span class='ocrx_word' id='word_1_38' title='bbox 485 1189 648 1254; x_wconf 84' lang='lat' dir='ltr'>personas,</span> <span class='ocrx_word' id='word_1_39' title='bbox 673 1171 756 1254; x_wconf 91' lang='lat' dir='ltr'>apud</span> <span class='ocrx_word' id='word_1_40' title='bbox 782 1190 862 1254; x_wconf 91' lang='lat' dir='ltr'>quas</span> <span class='ocrx_word' id='word_1_41' title='bbox 887 1172 961 1255; x_wconf 91' lang='lat' dir='ltr'>quis</span> <span class='ocrx_word' id='word_1_42' title='bbox 984 1170 1081 1234; x_wconf 90' lang='lat' dir='ltr'>habet</span> <span class='ocrx_word' id='word_1_43' title='bbox 1103 1171 1239 1254; x_wconf 82' lang='lat' dir='ltr'>gratiam</span> <span class='ocrx_word' id='word_1_44' title='bbox 1263 1169 1315 1233; x_wconf 90' lang='lat' dir='ltr'>vel</span> <span class='ocrx_word' id='word_1_45' title='bbox 1338 1174 1446 1232; x_wconf 88' lang='lat' dir='ltr'>aucto·</span> 
     </span>
     <span class='ocr_line' id='line_1_7' title="bbox 274 1283 612 1369; baseline -0.009 -20"><span class='ocrx_word' id='word_1_46' title='bbox 274 1287 409 1350; x_wconf 92' lang='lat' dir='ltr'>ritatem.</span> <span class='ocrx_word' id='word_1_47' title='bbox 434 1283 520 1369; x_wconf 83' lang='lat' dir='ltr'>(pag.</span> <span class='ocrx_word' id='word_1_48' title='bbox 548 1283 612 1367; x_wconf 82' lang='lat'>19).</span> 
     </span>
    </p>

    <p class='ocr_par' dir='ltr' id='par_1_4' title="bbox 214 1394 1448 2389">
     <span class='ocr_line' id='line_1_8' title="bbox 321 1394 1447 1482; baseline -0.002 -20"><span class='ocrx_word' id='word_1_49' title='bbox 321 1399 340 1481; x_wconf 78' lang='lat'>§</span> <span class='ocrx_word' id='word_1_50' title='bbox 374 1399 402 1462; x_wconf 83' lang='lat'>5.</span> <span class='ocrx_word' id='word_1_51' title='bbox 438 1397 476 1461; x_wconf 94' lang='lat' dir='ltr'>In</span> <span class='ocrx_word' id='word_1_52' title='bbox 513 1396 618 1462; x_wconf 89' lang='lat' dir='ltr'>verbis</span> <span class='ocrx_word' id='word_1_53' title='bbox 652 1398 790 1481; x_wconf 87' lang='lat' dir='ltr'>passivis</span> <span class='ocrx_word' id='word_1_54' title='bbox 825 1398 1019 1482; x_wconf 86' lang='lat' dir='ltr'>praepositio</span> <span class='ocrx_word' id='word_1_55' title='bbox 1051 1395 1135 1477; x_wconf 72' lang='grc' dir='ltr'>παρὰ</span> <span class='ocrx_word' id='word_1_56' title='bbox 1166 1395 1318 1461; x_wconf 86' lang='lat' dir='ltr'>aOassio</span> <span class='ocrx_word' id='word_1_57' title='bbox 1341 1394 1447 1460; x_wconf 87' lang='lat' dir='ltr'>Dione</span> 
     </span>
     <span class='ocr_line' id='line_1_9' title="bbox 276 1509 1445 1596; baseline -0.003 -20"><span class='ocrx_word' id='word_1_58' title='bbox 276 1514 327 1577; x_wconf 90' lang='lat' dir='ltr'>hio</span> <span class='ocrx_word' id='word_1_59' title='bbox 350 1513 417 1576; x_wconf 92' lang='lat' dir='ltr'>illic</span> <span class='ocrx_word' id='word_1_60' title='bbox 440 1518 595 1595; x_wconf 86' lang='lat' dir='ltr'>usurpata</span> <span class='ocrx_word' id='word_1_61' title='bbox 617 1517 667 1576; x_wconf 87' lang='lat' dir='ltr'>est</span> <span class='ocrx_word' id='word_1_62' title='bbox 687 1513 762 1596; x_wconf 88' lang='lat' dir='ltr'>quia</span> <span class='ocrx_word' id='word_1_63' title='bbox 783 1509 953 1591; x_wconf 78' lang='grc' dir='ltr'><em>σεμνότερον</em></span> <span class='ocrx_word' id='word_1_64' title='bbox 966 1516 1059 1576; x_wconf 91' lang='lat' dir='ltr'>sonat</span> <span class='ocrx_word' id='word_1_65' title='bbox 1072 1531 1169 1594; x_wconf 91' lang='lat' dir='ltr'>quam</span> <span class='ocrx_word' id='word_1_66' title='bbox 1183 1509 1243 1574; x_wconf 81' lang='grc' dir='ltr'>ὑπό</span> <span class='ocrx_word' id='word_1_67' title='bbox 1250 1533 1258 1591; x_wconf 87' lang='grc'>;</span> <span class='ocrx_word' id='word_1_68' title='bbox 1272 1511 1445 1574; x_wconf 90' lang='lat' dir='ltr'>concilium</span> 
     </span>
     <span class='ocr_line' id='line_1_10' title="bbox 275 1607 1447 1709; baseline -0.004 -19"><span class='ocrx_word' id='word_1_69' title='bbox 275 1646 351 1692; x_wconf 89' lang='lat' dir='ltr'>vero</span> <span class='ocrx_word' id='word_1_70' title='bbox 374 1625 518 1691; x_wconf 89' lang='lat' dir='ltr'>iudicum</span> <span class='ocrx_word' id='word_1_71' title='bbox 543 1627 612 1690; x_wconf 88' lang='lat' dir='ltr'>sive</span> <span class='ocrx_word' id='word_1_72' title='bbox 635 1630 762 1690; x_wconf 86' lang='lat' dir='ltr'>coetum</span> <span class='ocrx_word' id='word_1_73' title='bbox 787 1626 849 1689; x_wconf 90' lang='lat' dir='ltr'>sibi</span> <span class='ocrx_word' id='word_1_74' title='bbox 872 1626 1021 1709; x_wconf 89' lang='lat' dir='ltr'>proponit</span> <span class='ocrx_word' id='word_1_75' title='bbox 1044 1629 1165 1705; x_wconf 90' lang='lat' dir='ltr'>auctor,</span> <span class='ocrx_word' id='word_1_76' title='bbox 1184 1607 1290 1687; x_wconf 87' lang='lat' dir='ltr'>coram</span> <span class='ocrx_word' id='word_1_77' title='bbox 1312 1643 1377 1707; x_wconf 92' lang='lat' dir='ltr'>quo</span> <span class='ocrx_word' id='word_1_78' title='bbox 1396 1623 1447 1687; x_wconf 90' lang='lat' dir='ltr'>vel</span> 
     </span>
     <span class='ocr_line' id='line_1_11' title="bbox 214 1737 1447 1830; baseline -0.002 -26"><span class='ocrx_word' id='word_1_79' title='bbox 214 1745 222 1758; x_wconf 83' lang='lat'>&#39;</span> <span class='ocrx_word' id='word_1_80' title='bbox 276 1760 415 1824; x_wconf 91' lang='lat' dir='ltr'>quorum</span> <span class='ocrx_word' id='word_1_81' title='bbox 446 1740 566 1805; x_wconf 90' lang='lat' dir='ltr'>iudicio</span> <span class='ocrx_word' id='word_1_82' title='bbox 598 1741 681 1804; x_wconf 90' lang='lat' dir='ltr'>actio</span> <span class='ocrx_word' id='word_1_83' title='bbox 705 1740 741 1803; x_wconf 90' lang='lat' dir='ltr'>fit</span> <span class='ocrx_word' id='word_1_84' title='bbox 764 1737 861 1805; x_wconf 90' lang='lat' dir='ltr'>verbo</span> <span class='ocrx_word' id='word_1_85' title='bbox 885 1758 1045 1830; x_wconf 88' lang='lat' dir='ltr'>expressa.</span> <span class='ocrx_word' id='word_1_86' title='bbox 1069 1738 1133 1804; x_wconf 93' lang='lat' dir='ltr'>Sed</span> <span class='ocrx_word' id='word_1_87' title='bbox 1156 1739 1267 1823; x_wconf 88' lang='lat' dir='ltr'>paucis</span> <span class='ocrx_word' id='word_1_88' title='bbox 1290 1738 1447 1822; x_wconf 85' lang='lat' dir='ltr'>exemplis</span> 
     </span>
     <span class='ocr_line' id='line_1_12' title="bbox 275 1851 1447 1937; baseline -0.003 -19"><span class='ocrx_word' id='word_1_89' title='bbox 275 1856 328 1918; x_wconf 93' lang='lat' dir='ltr'>hic</span> <span class='ocrx_word' id='word_1_90' title='bbox 362 1873 444 1918; x_wconf 86' lang='lat' dir='ltr'>usus</span> <span class='ocrx_word' id='word_1_91' title='bbox 478 1854 633 1917; x_wconf 90' lang='lat' dir='ltr'>illustrari</span> <span class='ocrx_word' id='word_1_92' title='bbox 668 1857 773 1937; x_wconf 92' lang='lat' dir='ltr'>potest</span> <span class='ocrx_word' id='word_1_93' title='bbox 803 1872 845 1917; x_wconf 88' lang='lat' dir='ltr'>ex</span> <span class='ocrx_word' id='word_1_94' title='bbox 867 1851 988 1934; x_wconf 88' lang='lat' dir='ltr'>Dione;</span> <span class='ocrx_word' id='word_1_95' title='bbox 1012 1853 1104 1917; x_wconf 90' lang='lat' dir='ltr'>illum</span> <span class='ocrx_word' id='word_1_96' title='bbox 1131 1871 1206 1917; x_wconf 89' lang='lat' dir='ltr'>vero</span> <span class='ocrx_word' id='word_1_97' title='bbox 1230 1853 1447 1916; x_wconf 88' lang='lat' dir='ltr'>recentiorum</span> 
     </span>
     <span class='ocr_line' id='line_1_13' title="bbox 275 1965 1447 2051; baseline -0.001 -20"><span class='ocrx_word' id='word_1_98' title='bbox 275 1987 371 2032; x_wconf 93' lang='lat' dir='ltr'>usum</span> <span class='ocrx_word' id='word_1_99' title='bbox 408 1985 504 2051; x_wconf 90' lang='lat' dir='ltr'>quem</span> <span class='ocrx_word' id='word_1_100' title='bbox 535 1965 691 2048; x_wconf 84' lang='lat' dir='ltr'>Polybius</span> <span class='ocrx_word' id='word_1_101' title='bbox 726 1966 880 2050; x_wconf 85' lang='lat' dir='ltr'>adhibuit,</span> <span class='ocrx_word' id='word_1_102' title='bbox 915 1967 1059 2032; x_wconf 90' lang='lat' dir='ltr'>dativum</span> <span class='ocrx_word' id='word_1_103' title='bbox 1095 1971 1126 2031; x_wconf 91' lang='lat' dir='ltr'>et</span> <span class='ocrx_word' id='word_1_104' title='bbox 1159 1967 1340 2050; x_wconf 83' lang='lat' dir='ltr'>genitivum</span> <span class='ocrx_word' id='word_1_105' title='bbox 1372 1985 1447 2030; x_wconf 90' lang='lat' dir='ltr'>oum</span> 
     </span>
     <span class='ocr_line' id='line_1_14' title="bbox 275 2077 1447 2166; baseline -0.001 -22"><span class='ocrx_word' id='word_1_106' title='bbox 275 2081 510 2166; x_wconf 89' lang='lat' dir='ltr'>praepositione</span> <span class='ocrx_word' id='word_1_107' title='bbox 546 2077 630 2159; x_wconf 78' lang='grc' dir='ltr'><em>παρα</em></span> <span class='ocrx_word' id='word_1_108' title='bbox 665 2081 875 2148; x_wconf 89' lang='lat' dir='ltr'>coniunctum</span> <span class='ocrx_word' id='word_1_109' title='bbox 910 2082 1093 2164; x_wconf 89' lang='lat' dir='ltr'>promiscue</span> <span class='ocrx_word' id='word_1_110' title='bbox 1127 2079 1193 2145; x_wconf 89' lang='lat' dir='ltr'>fere</span> <span class='ocrx_word' id='word_1_111' title='bbox 1227 2099 1389 2163; x_wconf 87' lang='lat' dir='ltr'>usurpans</span> <span class='ocrx_word' id='word_1_112' title='bbox 1412 2081 1447 2143; x_wconf 91' lang='lat' dir='ltr'>in</span> 
     </span>
     <span class='ocr_line' id='line_1_15' title="bbox 275 2192 1448 2279; baseline 0.001 -22"><span class='ocrx_word' id='word_1_113' title='bbox 275 2196 383 2260; x_wconf 90' lang='lat' dir='ltr'>verbis</span> <span class='ocrx_word' id='word_1_114' title='bbox 406 2196 553 2279; x_wconf 84' lang='lat' dir='ltr'>passivis,</span> <span class='ocrx_word' id='word_1_115' title='bbox 577 2192 708 2258; x_wconf 82' lang='lat' dir='ltr'>Cassius</span> <span class='ocrx_word' id='word_1_116' title='bbox 731 2195 863 2259; x_wconf 90' lang='lat' dir='ltr'>omnino</span> <span class='ocrx_word' id='word_1_117' title='bbox 887 2213 952 2258; x_wconf 90' lang='lat' dir='ltr'>non</span> <span class='ocrx_word' id='word_1_118' title='bbox 977 2200 1108 2276; x_wconf 84' lang='lat' dir='ltr'>secutus</span> <span class='ocrx_word' id='word_1_119' title='bbox 1128 2213 1199 2259; x_wconf 91' lang='lat' dir='ltr'>esse</span> <span class='ocrx_word' id='word_1_120' title='bbox 1219 2194 1354 2259; x_wconf 88' lang='lat' dir='ltr'>videtur.</span> <span class='ocrx_word' id='word_1_121' title='bbox 1367 2197 1448 2278; x_wconf 78' lang='lat' dir='ltr'>(pag.</span> 
     </span>
     <span class='ocr_line' id='line_1_16' title="bbox 279 2310 429 2389; baseline -0.013 -15"><span class='ocrx_word' id='word_1_122' title='bbox 279 2310 429 2389; x_wconf 80' lang='lat'>19-24).</span> 
     </span>
    </p>

    <p class='ocr_par' dir='ltr' id='par_1_5' title="bbox 275 2421 1448 2735">
     <span class='ocr_line' id='line_1_17' title="bbox 321 2421 1448 2507; baseline 0 -22"><span class='ocrx_word' id='word_1_123' title='bbox 321 2424 340 2505; x_wconf 64' lang='grc' dir='ltr'>ξ</span> <span class='ocrx_word' id='word_1_124' title='bbox 375 2423 404 2486; x_wconf 87' lang='grc'>6.</span> <span class='ocrx_word' id='word_1_125' title='bbox 438 2422 477 2487; x_wconf 90' lang='lat' dir='ltr'>In</span> <span class='ocrx_word' id='word_1_126' title='bbox 512 2421 724 2488; x_wconf 89' lang='lat' dir='ltr'>substantivis</span> <span class='ocrx_word' id='word_1_127' title='bbox 759 2429 790 2488; x_wconf 90' lang='lat' dir='ltr'>et</span> <span class='ocrx_word' id='word_1_128' title='bbox 824 2423 1073 2507; x_wconf 91' lang='lat' dir='ltr'>pronominibus</span> <span class='ocrx_word' id='word_1_129' title='bbox 1104 2423 1195 2488; x_wconf 91' lang='lat' dir='ltr'>nullo</span> <span class='ocrx_word' id='word_1_130' title='bbox 1219 2421 1316 2486; x_wconf 90' lang='lat' dir='ltr'>verbo</span> <span class='ocrx_word' id='word_1_131' title='bbox 1339 2421 1448 2486; x_wconf 85' lang='lat' dir='ltr'>addito</span> 
     </span>
     <span class='ocr_line' id='line_1_18' title="bbox 276 2534 1448 2621; baseline -0.003 -20"><span class='ocrx_word' id='word_1_132' title='bbox 276 2556 350 2602; x_wconf 92' lang='lat' dir='ltr'>cum</span> <span class='ocrx_word' id='word_1_133' title='bbox 374 2538 610 2620; x_wconf 88' lang='lat' dir='ltr'>praepositione</span> <span class='ocrx_word' id='word_1_134' title='bbox 635 2535 719 2616; x_wconf 76' lang='grc' dir='ltr'><em>παρα</em></span> <span class='ocrx_word' id='word_1_135' title='bbox 741 2538 933 2620; x_wconf 90' lang='lat' dir='ltr'>coniunctis,</span> <span class='ocrx_word' id='word_1_136' title='bbox 957 2538 1039 2601; x_wconf 91' lang='lat' dir='ltr'>nihil</span> <span class='ocrx_word' id='word_1_137' title='bbox 1062 2535 1102 2601; x_wconf 92' lang='lat' dir='ltr'>ab</span> <span class='ocrx_word' id='word_1_138' title='bbox 1126 2536 1364 2621; x_wconf 89' lang='lat' dir='ltr'>antiquioribus</span> <span class='ocrx_word' id='word_1_139' title='bbox 1388 2534 1448 2598; x_wconf 91' lang='lat' dir='ltr'>dif-</span> 
     </span>
     <span class='ocr_line' id='line_1_19' title="bbox 275 2649 714 2735; baseline -0.002 -21"><span class='ocrx_word' id='word_1_140' title='bbox 275 2651 336 2717; x_wconf 91' lang='lat' dir='ltr'>fert</span> <span class='ocrx_word' id='word_1_141' title='bbox 359 2649 429 2716; x_wconf 89' lang='lat' dir='ltr'>Dio.</span> <span class='ocrx_word' id='word_1_142' title='bbox 454 2653 534 2735; x_wconf 82' lang='lat' dir='ltr'>(pag.</span> <span class='ocrx_word' id='word_1_143' title='bbox 560 2651 714 2729; x_wconf 74' lang='lat'>24-27).</span> 
     </span>
    </p>

    <p class='ocr_par' dir='ltr' id='par_1_6' title="bbox 276 2762 1448 2945">
     <span class='ocr_line' id='line_1_20' title="bbox 320 2762 1448 2850; baseline -0.004 -20"><span class='ocrx_word' id='word_1_144' title='bbox 320 2767 362 2831; x_wconf 93' lang='lat' dir='ltr'>II.</span> <span class='ocrx_word' id='word_1_145' title='bbox 390 2766 429 2831; x_wconf 92' lang='lat' dir='ltr'>In</span> <span class='ocrx_word' id='word_1_146' title='bbox 463 2765 684 2850; x_wconf 84' lang='lat' dir='ltr'>genitivo</span> <span class='ocrx_word' id='word_1_147' title='bbox 719 2763 850 2829; x_wconf 81' lang='lat' dir='ltr'>Cassius</span> <span class='ocrx_word' id='word_1_148' title='bbox 875 2762 936 2828; x_wconf 91' lang='lat' dir='ltr'>Dio</span> <span class='ocrx_word' id='word_1_149' title='bbox 960 2766 1089 2848; x_wconf 88' lang='lat' dir='ltr'>saepius</span> <span class='ocrx_word' id='word_1_150' title='bbox 1108 2765 1323 2828; x_wconf 85' lang='lat' dir='ltr'>recentiorum</span> <span class='ocrx_word' id='word_1_151' title='bbox 1348 2764 1448 2846; x_wconf 89' lang='lat' dir='ltr'>scrip-</span> 
     </span>
     <span class='ocr_line' id='line_1_21' title="bbox 276 2878 912 2945; baseline -0.003 -1"><span class='ocrx_word' id='word_1_152' title='bbox 276 2887 382 2945; x_wconf 91' lang='lat' dir='ltr'>torum</span> <span class='ocrx_word' id='word_1_153' title='bbox 406 2899 503 2944; x_wconf 89' lang='lat' dir='ltr'>usum</span> <span class='ocrx_word' id='word_1_154' title='bbox 528 2882 659 2943; x_wconf 85' lang='lat' dir='ltr'>secutus</span> <span class='ocrx_word' id='word_1_155' title='bbox 683 2897 753 2943; x_wconf 86' lang='lat' dir='ltr'>esee</span> <span class='ocrx_word' id='word_1_156' title='bbox 777 2878 912 2942; x_wconf 90' lang='lat' dir='ltr'>videtur.</span> 
     </span>
    </p>

    <p class='ocr_par' dir='ltr' id='par_1_7' title="bbox 274 2991 1452 3645">
     <span class='ocr_line' id='line_1_22' title="bbox 322 2991 1450 3076; baseline -0.002 -21"><span class='ocrx_word' id='word_1_157' title='bbox 322 2994 341 3075; x_wconf 64' lang='grc' dir='ltr'>ξ</span> <span class='ocrx_word' id='word_1_158' title='bbox 378 2994 404 3056; x_wconf 93' lang='grc'>1.</span> <span class='ocrx_word' id='word_1_159' title='bbox 438 2991 632 3076; x_wconf 85' lang='lat' dir='ltr'>Saepissime</span> <span class='ocrx_word' id='word_1_160' title='bbox 667 2992 779 3075; x_wconf 86' lang='lat' dir='ltr'>(vicies</span> <span class='ocrx_word' id='word_1_161' title='bbox 810 2991 931 3076; x_wconf 81' lang='lat' dir='ltr'>sexies)</span> <span class='ocrx_word' id='word_1_162' title='bbox 962 3010 1012 3056; x_wconf 90' lang='lat' dir='ltr'>res</span> <span class='ocrx_word' id='word_1_163' title='bbox 1036 2993 1196 3055; x_wconf 90' lang='lat' dir='ltr'>inanimas</span> <span class='ocrx_word' id='word_1_164' title='bbox 1219 2991 1450 3074; x_wconf 88' lang='lat' dir='ltr'>praepositioni</span> 
     </span>
     <span class='ocr_line' id='line_1_23' title="bbox 278 3104 1450 3194; baseline 0 -25"><span class='ocrx_word' id='word_1_165' title='bbox 278 3104 360 3194; x_wconf 72' lang='lat' dir='ltr'>rapio</span> <span class='ocrx_word' id='word_1_166' title='bbox 394 3106 552 3189; x_wconf 90' lang='lat' dir='ltr'>adiunxit,</span> <span class='ocrx_word' id='word_1_167' title='bbox 586 3106 621 3170; x_wconf 91' lang='lat' dir='ltr'>id</span> <span class='ocrx_word' id='word_1_168' title='bbox 656 3106 742 3191; x_wconf 92' lang='lat' dir='ltr'>quod</span> <span class='ocrx_word' id='word_1_169' title='bbox 776 3108 990 3171; x_wconf 89' lang='lat' dir='ltr'>recentiorum</span> <span class='ocrx_word' id='word_1_170' title='bbox 1022 3107 1164 3170; x_wconf 88' lang='lat' dir='ltr'>sermoni</span> <span class='ocrx_word' id='word_1_171' title='bbox 1194 3105 1359 3189; x_wconf 91' lang='lat' dir='ltr'>proprium</span> <span class='ocrx_word' id='word_1_172' title='bbox 1392 3108 1450 3170; x_wconf 87' lang='lat' dir='ltr'>est.</span> 
     </span>
     <span class='ocr_line' id='line_1_24' title="bbox 274 3217 1450 3306; baseline -0.003 -20"><span class='ocrx_word' id='word_1_173' title='bbox 274 3221 373 3306; x_wconf 93' lang='lat' dir='ltr'>Apud</span> <span class='ocrx_word' id='word_1_174' title='bbox 396 3220 596 3284; x_wconf 89' lang='lat' dir='ltr'>Herodotum</span> <span class='ocrx_word' id='word_1_175' title='bbox 622 3221 721 3284; x_wconf 87' lang='lat' dir='ltr'>semel</span> <span class='ocrx_word' id='word_1_176' title='bbox 745 3224 871 3283; x_wconf 87' lang='lat' dir='ltr'>tantum</span> <span class='ocrx_word' id='word_1_177' title='bbox 895 3220 947 3284; x_wconf 91' lang='lat' dir='ltr'>hio</span> <span class='ocrx_word' id='word_1_178' title='bbox 972 3239 1052 3284; x_wconf 86' lang='lat' dir='ltr'>usus</span> <span class='ocrx_word' id='word_1_179' title='bbox 1076 3220 1225 3301; x_wconf 90' lang='lat' dir='ltr'>occurrit,</span> <span class='ocrx_word' id='word_1_180' title='bbox 1246 3217 1450 3298; x_wconf 84' lang='lat' dir='ltr'>Thucydides</span> 
     </span>
     <span class='ocr_line' id='line_1_25' title="bbox 276 3332 1452 3416; baseline -0.003 -18"><span class='ocrx_word' id='word_1_181' title='bbox 276 3335 325 3400; x_wconf 91' lang='lat' dir='ltr'>bis</span> <span class='ocrx_word' id='word_1_182' title='bbox 361 3333 522 3412; x_wconf 80' lang='lat' dir='ltr'>adhibuit3</span> <span class='ocrx_word' id='word_1_183' title='bbox 561 3333 728 3398; x_wconf 89' lang='lat' dir='ltr'>nonnullis</span> <span class='ocrx_word' id='word_1_184' title='bbox 763 3352 841 3398; x_wconf 89' lang='lat' dir='ltr'>sane</span> <span class='ocrx_word' id='word_1_185' title='bbox 871 3332 1006 3398; x_wconf 86' lang='lat' dir='ltr'>Dioneis</span> <span class='ocrx_word' id='word_1_186' title='bbox 1037 3332 1194 3416; x_wconf 85' lang='lat' dir='ltr'>exemplis</span> <span class='ocrx_word' id='word_1_187' title='bbox 1217 3333 1265 3395; x_wconf 91' lang='lat' dir='ltr'>rei</span> <span class='ocrx_word' id='word_1_188' title='bbox 1287 3333 1452 3395; x_wconf 87' lang='lat' dir='ltr'>inanimae</span> 
     </span>
     <span class='ocr_line' id='line_1_26' title="bbox 276 3444 1451 3532; baseline -0.003 -20"><span class='ocrx_word' id='word_1_189' title='bbox 276 3451 361 3516; x_wconf 88' lang='lat' dir='ltr'>inest</span> <span class='ocrx_word' id='word_1_190' title='bbox 395 3450 481 3514; x_wconf 92' lang='lat' dir='ltr'>notio</span> <span class='ocrx_word' id='word_1_191' title='bbox 516 3449 673 3532; x_wconf 91' lang='lat' dir='ltr'>quaedam</span> <span class='ocrx_word' id='word_1_192' title='bbox 709 3466 873 3532; x_wconf 88' lang='lat' dir='ltr'>personae,</span> <span class='ocrx_word' id='word_1_193' title='bbox 905 3448 962 3512; x_wconf 87' lang='lat' dir='ltr'>sed</span> <span class='ocrx_word' id='word_1_194' title='bbox 993 3448 1122 3530; x_wconf 88' lang='lat' dir='ltr'>saepius</span> <span class='ocrx_word' id='word_1_195' title='bbox 1152 3444 1219 3510; x_wconf 91' lang='lat' dir='ltr'>fere</span> <span class='ocrx_word' id='word_1_196' title='bbox 1243 3445 1293 3510; x_wconf 89' lang='lat' dir='ltr'>vel</span> <span class='ocrx_word' id='word_1_197' title='bbox 1316 3464 1451 3529; x_wconf 86' lang='lat' dir='ltr'>prorsus</span> 
     </span>
     <span class='ocr_line' id='line_1_27' title="bbox 278 3561 1181 3645; baseline -0.007 -17"><span class='ocrx_word' id='word_1_198' title='bbox 278 3565 451 3628; x_wconf 89' lang='lat' dir='ltr'>evanuisse</span> <span class='ocrx_word' id='word_1_199' title='bbox 474 3564 602 3627; x_wconf 89' lang='lat' dir='ltr'>videtur</span> <span class='ocrx_word' id='word_1_200' title='bbox 625 3580 780 3645; x_wconf 86' lang='lat' dir='ltr'>personae</span> <span class='ocrx_word' id='word_1_201' title='bbox 804 3561 899 3625; x_wconf 80' lang='lat' dir='ltr'>fictio,</span> <span class='ocrx_word' id='word_1_202' title='bbox 924 3564 1004 3645; x_wconf 84' lang='lat' dir='ltr'>(pag.</span> <span class='ocrx_word' id='word_1_203' title='bbox 1029 3561 1181 3639; x_wconf 79' lang='lat'>27-36).</span> 
     </span>
    </p>

    <p class='ocr_par' dir='ltr' id='par_1_8' title="bbox 277 3671 1453 4102">
     <span class='ocr_line' id='line_1_28' title="bbox 321 3671 1452 3759; baseline -0.003 -20"><span class='ocrx_word' id='word_1_204' title='bbox 321 3679 340 3759; x_wconf 77' lang='lat'>§</span> <span class='ocrx_word' id='word_1_205' title='bbox 365 3680 393 3740; x_wconf 86' lang='lat'>2.</span> <span class='ocrx_word' id='word_1_206' title='bbox 426 3674 518 3753; x_wconf 78' lang='lat' dir='ltr'>Quod</span> <span class='ocrx_word' id='word_1_207' title='bbox 542 3677 656 3741; x_wconf 89' lang='lat' dir='ltr'>attinet</span> <span class='ocrx_word' id='word_1_208' title='bbox 679 3676 720 3739; x_wconf 91' lang='lat' dir='ltr'>ad</span> <span class='ocrx_word' id='word_1_209' title='bbox 745 3695 839 3739; x_wconf 92' lang='lat' dir='ltr'>usum</span> <span class='ocrx_word' id='word_1_210' title='bbox 864 3675 1112 3758; x_wconf 87' lang='lat' dir='ltr'>praepositionis</span> <span class='ocrx_word' id='word_1_211' title='bbox 1137 3671 1221 3753; x_wconf 78' lang='grc' dir='ltr'><em>παρα</em></span> <span class='ocrx_word' id='word_1_212' title='bbox 1244 3692 1318 3737; x_wconf 92' lang='lat' dir='ltr'>oum</span> <span class='ocrx_word' id='word_1_213' title='bbox 1343 3671 1452 3736; x_wconf 91' lang='lat' dir='ltr'>verbis</span> 
     </span>
     <span class='ocr_line' id='line_1_29' title="bbox 277 3786 1452 3873; baseline -0.003 -19"><span class='ocrx_word' id='word_1_214' title='bbox 277 3793 475 3873; x_wconf 87' lang='lat' dir='ltr'>coniunctae,</span> <span class='ocrx_word' id='word_1_215' title='bbox 509 3791 561 3854; x_wconf 90' lang='lat' dir='ltr'>hic</span> <span class='ocrx_word' id='word_1_216' title='bbox 596 3808 661 3852; x_wconf 92' lang='lat' dir='ltr'>non</span> <span class='ocrx_word' id='word_1_217' title='bbox 698 3788 836 3853; x_wconf 91' lang='lat' dir='ltr'>multum</span> <span class='ocrx_word' id='word_1_218' title='bbox 870 3787 1001 3852; x_wconf 82' lang='lat' dir='ltr'>Cassius</span> <span class='ocrx_word' id='word_1_219' title='bbox 1021 3789 1117 3852; x_wconf 88' lang='lat' dir='ltr'>distat</span> <span class='ocrx_word' id='word_1_220' title='bbox 1140 3787 1179 3850; x_wconf 91' lang='lat' dir='ltr'>ab</span> <span class='ocrx_word' id='word_1_221' title='bbox 1204 3786 1452 3870; x_wconf 89' lang='lat' dir='ltr'>antiquioribus.</span> 
     </span>
     <span class='ocr_line' id='line_1_30' title="bbox 277 3899 1453 3988; baseline -0.005 -20"><span class='ocrx_word' id='word_1_222' title='bbox 277 3903 469 3988; x_wconf 81' lang='lat' dir='ltr'>Saepissime</span> <span class='ocrx_word' id='word_1_223' title='bbox 489 3904 587 3968; x_wconf 88' lang='lat' dir='ltr'>verba</span> <span class='ocrx_word' id='word_1_224' title='bbox 610 3903 762 3968; x_wconf 88' lang='lat' dir='ltr'>veniendi</span> <span class='ocrx_word' id='word_1_225' title='bbox 786 3908 817 3967; x_wconf 90' lang='lat' dir='ltr'>et</span> <span class='ocrx_word' id='word_1_226' title='bbox 841 3903 1019 3986; x_wconf 89' lang='lat' dir='ltr'>accipiendi</span> <span class='ocrx_word' id='word_1_227' title='bbox 1042 3901 1128 3986; x_wconf 91' lang='lat' dir='ltr'>apud</span> <span class='ocrx_word' id='word_1_228' title='bbox 1153 3899 1299 3964; x_wconf 83' lang='lat' dir='ltr'>Cassium</span> <span class='ocrx_word' id='word_1_229' title='bbox 1321 3917 1453 3983; x_wconf 91' lang='lat' dir='ltr'>quoque</span> 
     </span>
     <span class='ocr_line' id='line_1_31' title="bbox 280 4017 846 4102; baseline -0.002 -22"><span class='ocrx_word' id='word_1_230' title='bbox 280 4017 363 4097; x_wconf 77' lang='grc' dir='ltr'><em>παρα</em></span> <span class='ocrx_word' id='word_1_231' title='bbox 385 4038 459 4081; x_wconf 91' lang='lat' dir='ltr'>cum</span> <span class='ocrx_word' id='word_1_232' title='bbox 483 4019 627 4102; x_wconf 84' lang='lat' dir='ltr'>genitivo</span> <span class='ocrx_word' id='word_1_233' title='bbox 651 4017 846 4081; x_wconf 86' lang='lat' dir='ltr'>adsciscunt.</span> 
     </span>
    </p>

    <p class='ocr_par' dir='ltr' id='par_1_9' title="bbox 278 4126 1455 4439">
     <span class='ocr_line' id='line_1_32' title="bbox 322 4126 1453 4216; baseline -0.003 -23"><span class='ocrx_word' id='word_1_234' title='bbox 322 4131 427 4195; x_wconf 88' lang='lat' dir='ltr'>Verbo</span> <span class='ocrx_word' id='word_1_235' title='bbox 464 4133 549 4216; x_wconf 92' lang='lat' dir='ltr'>quod</span> <span class='ocrx_word' id='word_1_236' title='bbox 580 4137 628 4196; x_wconf 89' lang='lat' dir='ltr'>est</span> <span class='ocrx_word' id='word_1_237' title='bbox 661 4127 834 4207; x_wconf 70' lang='grc' dir='ltr'><em>λαμβάνειν</em></span> <span class='ocrx_word' id='word_1_238' title='bbox 865 4130 995 4213; x_wconf 88' lang='lat' dir='ltr'>saepius</span> <span class='ocrx_word' id='word_1_239' title='bbox 1019 4129 1216 4192; x_wconf 90' lang='lat' dir='ltr'>infinitivum</span> <span class='ocrx_word' id='word_1_240' title='bbox 1242 4126 1358 4192; x_wconf 90' lang='lat' dir='ltr'>obiecti</span> <span class='ocrx_word' id='word_1_241' title='bbox 1381 4127 1453 4190; x_wconf 93' lang='lat' dir='ltr'>loco</span> 
     </span>
     <span class='ocr_line' id='line_1_33' title="bbox 278 4238 1453 4328; baseline -0.006 -20"><span class='ocrx_word' id='word_1_242' title='bbox 278 4246 422 4309; x_wconf 92' lang='lat' dir='ltr'>additum</span> <span class='ocrx_word' id='word_1_243' title='bbox 462 4264 532 4310; x_wconf 88' lang='lat' dir='ltr'>esse</span> <span class='ocrx_word' id='word_1_244' title='bbox 567 4265 658 4328; x_wconf 86' lang='lat' dir='ltr'>pagg.</span> <span class='ocrx_word' id='word_1_245' title='bbox 697 4244 800 4326; x_wconf 72' lang='lat' dir='ltr'>disq.</span> <span class='ocrx_word' id='word_1_246' title='bbox 832 4243 1132 4306; x_wconf 88' lang='lat' dir='ltr'>demonstravimus.</span> <span class='ocrx_word' id='word_1_247' title='bbox 1156 4239 1205 4305; x_wconf 87' lang='lat' dir='ltr'>De</span> <span class='ocrx_word' id='word_1_248' title='bbox 1230 4240 1328 4305; x_wconf 92' lang='lat' dir='ltr'>verbo</span> <span class='ocrx_word' id='word_1_249' title='bbox 1353 4238 1453 4302; x_wconf 76' lang='grc' dir='ltr'><em>διαδέ-</em></span> 
     </span>
     <span class='ocr_line' id='line_1_34' title="bbox 280 4353 1455 4439; baseline -0.002 -19"><span class='ocrx_word' id='word_1_250' title='bbox 280 4357 388 4436; x_wconf 63' lang='grc' dir='ltr'><em>χεσθαι</em></span> <span class='ocrx_word' id='word_1_251' title='bbox 413 4361 521 4422; x_wconf 91' lang='lat' dir='ltr'>minus</span> <span class='ocrx_word' id='word_1_252' title='bbox 546 4360 663 4422; x_wconf 87' lang='lat' dir='ltr'>usitata</span> <span class='ocrx_word' id='word_1_253' title='bbox 687 4358 809 4421; x_wconf 88' lang='lat' dir='ltr'>ratione</span> <span class='ocrx_word' id='word_1_254' title='bbox 834 4355 985 4438; x_wconf 88' lang='lat' dir='ltr'>adhibito,</span> <span class='ocrx_word' id='word_1_255' title='bbox 1009 4374 1124 4439; x_wconf 91' lang='lat' dir='ltr'>nempe</span> <span class='ocrx_word' id='word_1_256' title='bbox 1146 4355 1185 4418; x_wconf 88' lang='lat' dir='ltr'>de</span> <span class='ocrx_word' id='word_1_257' title='bbox 1203 4353 1349 4418; x_wconf 89' lang='lat' dir='ltr'>turribus</span> <span class='ocrx_word' id='word_1_258' title='bbox 1371 4373 1455 4436; x_wconf 88' lang='lat' dir='ltr'>quae</span> 
     </span>
    </p>
   </div>
   <div class='ocr_carea' id='block_1_3' title="bbox 280 4465 1455 4554">
    <p class='ocr_par' dir='ltr' id='par_1_10' title="bbox 280 4465 1455 4554">
     <span class='ocr_line' id='line_1_35' title="bbox 280 4465 1455 4554; baseline -0.003 -19"><span class='ocrx_word' id='word_1_259' title='bbox 280 4473 380 4553; x_wconf 67' lang='grc' dir='ltr'><em>Φωνὴν</em></span> <span class='ocrx_word' id='word_1_260' title='bbox 414 4467 483 4552; x_wconf 66' lang='grc' dir='ltr'><em>παρ’</em></span> <span class='ocrx_word' id='word_1_261' title='bbox 517 4472 661 4545; x_wconf 70' lang='grc' dir='ltr'><em>αλλήλων</em></span> <span class='ocrx_word' id='word_1_262' title='bbox 691 4469 898 4549; x_wconf 67' lang='grc' dir='ltr'>διαδέχονται,</span> <span class='ocrx_word' id='word_1_263' title='bbox 923 4490 993 4554; x_wconf 82' lang='lat' dir='ltr'>pag.</span> <span class='ocrx_word' id='word_1_264' title='bbox 1019 4470 1060 4534; x_wconf 81' lang='lat'>52</span> <span class='ocrx_word' id='word_1_265' title='bbox 1085 4469 1236 4533; x_wconf 78' lang='lat' dir='ltr'>diximus</span> <span class='ocrx_word' id='word_1_266' title='bbox 1262 4465 1356 4542; x_wconf 82' lang='lat' dir='ltr'>Quod</span> <span class='ocrx_word' id='word_1_267' title='bbox 1379 4465 1455 4531; x_wconf 83' lang='lat' dir='ltr'>Oas-</span> 
     </span>
    </p>
   </div>
   <div class='ocr_carea' id='block_1_4' title="bbox 0 0 1703 5212">
    <p class='ocr_par' dir='ltr' id='par_1_11' title="bbox 0 0 1703 5212">
     <span class='ocr_line' id='line_1_36' title="bbox 0 0 1703 5212; baseline 0 0"><span class='ocrx_word' id='word_1_268' title='bbox 0 0 1703 5212; x_wconf 95' lang='lat' dir='ltr'> </span> 
     </span>
    </p>
   </div>
  </div>
 </body>
</html>
