3400 5212
829 519 869 584 81

265 678 502 788 ἐπιτραφθέντες
525 707 717 791 praepositio
741 705 824 786 παρα
847 707 987 791 pendere
1007 708 1125 789 potest3
1146 702 1171 766 I.
1193 702 1252 764 45:
1274 697 1338 780 ἔχει
1352 698 1436 780 παρα

264 823 315 883 σεῦ
338 822 440 883 πᾶσαν
463 818 517 892 τὴν
541 819 633 894 δίκην,
657 820 698 884 ΙΙ.
721 821 801 882 122:
823 819 907 898 δῶριι
920 821 1034 899 ἔχοντα
1048 818 1118 897 παρ’
1131 817 1236 888 αὐτῆς,
1249 813 1338 878 VIII.
1354 815 1433 876 122:

266 933 335 1013 παρ’
369 933 522 1007 Ἑλλήνων
554 933 609 1011 μὲν
634 937 691 996 τῶν
715 930 818 996 ι’ίλλωι
842 931 939 1013 ἔφησε
962 930 1046 1012 ἐχειν
1071 929 1132 1016 (τα
1157 926 1335 1013 ααροθίιια),
1362 928 1433 1008 παρ’

265 1045 447 1123 Αἰγινητέων
485 1047 516 1110 δὲ
552 1045 593 1110 οὔ.
627 1047 690 1111 Hie
722 1066 854 1130 quoque
884 1046 1077 1130 significatio
1108 1049 1273 1126 acceptum
1298 1042 1437 1106 habendi

263 1161 369 1224 inesse
394 1162 528 1225 videtur.
554 1161 635 1226 Oum
660 1163 747 1225 locos
771 1158 912 1226 Dioneos
933 1161 1114 1224 accuratius
1134 1158 1335 1241 inspicimus,
1348 1155 1434 1220 vide·
1490 1174 1491 1177 ’

264 1273 372 1338 bimus
406 1277 672 1359 praepositionem
708 1294 774 1338 non
806 1274 910 1339 solum
934 1294 1008 1337 eum
1034 1271 1129 1337 verbo
1154 1268 1238 1349 ἔχειν
1262 1269 1436 1334 sedetiam

265 1407 337 1451 oum
360 1387 484 1452 obieeto
505 1389 691 1469 cohaerere3
714 1385 810 1469 φιλία
823 1389 919 1469 enim,
931 1384 1096 1466 εὐεργεσίαι,
1110 1381 1292 1462 συμμαχία,
1306 1379 1435 1461 ὠφελία,

265 1521 283 1564 a
318 1502 456 1585 quodam
479 1507 608 1586 accepta
632 1520 703 1566 esse
727 1502 880 1565 dicuntur
905 1496 957 1564 vel
980 1499 1088 1582 potius
1111 1519 1130 1561 a
1154 1496 1321 1561 cuiusdam
1346 1500 1436 1578 parte

265 1615 304 1678 ad
339 1615 439 1678 alium
474 1617 643 1700 pervenire
673 1619 810 1698 possunt
834 1614 914 1692 dici3
939 1613 1071 1697 paulum
1095 1611 1187 1676 aliter
1209 1630 1261 1674 res
1285 1628 1319 1674 se
1343 1607 1437 1673 habet

264 1730 299 1792 in
327 1731 479 1793 extremis
504 1728 661 1813 exemplis
685 1728 724 1792 de
749 1726 869 1811 quibus
893 1745 1039 1791 seorsum
1063 1725 1126 1788 diri
1150 1743 1232 1808 opus
1255 1742 1325 1788 esse
1349 1722 1435 1786 vide

265 1848 327 1906 tur.
353 1840 452 1906 αἰτίαν
475 1839 559 1921 ἔχειν
584 1839 667 1922 παριί
691 1865 768 1914 τινος
792 1841 878 1926 quod
900 1840 983 1904 idem
1011 1846 1059 1904 est
1081 1835 1178 1922 atque
1201 1835 1333 1913 αἰτίαμα
1353 1832 1437 1914 ἐχειν

264 1955 357 2018 facile
380 1975 453 2019 oum
477 1957 711 2039 praepositione
734 1953 817 2035 παρδι
839 1955 1047 2037 coniungitur
1066 1955 1142 2037 quia
1153 1950 1240 2016 αίτία
1252 1971 1350 2035 quam
1364 1951 1437 2034 quis

265 2069 361 2133 habat
395 2089 414 2132 a
449 2070 597 2154 quodam,
632 2091 650 2134 a
686 2069 855 2134 cuiusdam
890 2074 980 2153 parte
1011 2069 1137 2132 venisse
1161 2067 1293 2150 eogitari
1316 2068 1436 2148 potest3

266 2182 321 2246 sed
356 2183 415 2246 hac
451 2203 581 2267 quoque
614 2183 777 2248 locutione
807 2171 1018 2267 significatur,
1050 2200 1115 2244 non
1147 2178 1250 2244 solum
1276 2178 1436 2262 quendam

265 2293 368 2359 αἰτίαν
404 2294 488 2376 παριί
522 2320 599 2370 τινος
633 2296 749 2362 habere
782 2297 837 2362 i.e.
872 2297 1033 2379 accepisse
1065 2295 1121 2359 sed
1152 2296 1246 2358 etiam
1272 2291 1374 2357 αἰτίαν
1397 2292 1437 2357 ab

265 2410 328 2486 alio
352 2410 391 2473 ad
416 2410 513 2475 alium
537 2413 731 2495 pervenisse,
754 2411 798 2474 ita
823 2415 858 2474 ut
877 2409 1068 2493 praepositio
1082 2407 1241 2488 παραηοι]
1256 2408 1437 2472 modorum

268 2522 364 2587 verbo
399 2519 484 2602 ἔχειν
518 2524 694 2588 sedetiam
720 2543 792 2588 cum
819 2523 943 2587 obiecto
968 2522 1194 2606 coniungenda
1217 2524 1259 2587 sit
1281 2527 1378 2606 atque
1402 2526 1438 2585 ut
1507 2571 1510 2579 t

265 2638 310 2700 ita
346 2639 449 2701 dicam
473 2643 559 2702 arcte
581 2639 667 2702 inter
690 2657 725 2702 se
749 2637 939 2701 cohaereant
961 2638 1152 2721 praepositio
1177 2642 1208 2701 et
1231 2642 1296 2700 tota
1319 2637 1437 2700 locutio

267 2749 368 2814 αίτίαι
394 2750 569 2837 (αἰτίαμα)
594 2750 676 2831 ἔχειν
700 2770 783 2835 quae
805 2751 872 2815 fere
895 2771 953 2834 pro
974 2753 1103 2836 passivo
1119 2770 1236 2835 genere
1248 2748 1338 2814 verbi
1352 2749 1438 2833 quod

266 2871 315 2929 est
337 2863 490 2928 αἰτιᾶσθαι
515 2864 662 2930 habenda
685 2871 741 2930 est.
766 2863 973 2930 Dissentiunt
996 2865 1134 2930 editores
1156 2866 1190 2928 in
1210 2865 1279 2929 loeo
1293 2865 1344 2945 50,
1358 2865 1436 2946 3,4;

268 2981 398 3042 τοιαῦτα
431 2977 489 3059 γαρ
526 3002 583 3042 πιιι
619 2980 648 3042 ἐν
682 2979 793 3052 αὐταῖς
827 2979 890 3064 (se.
915 2985 983 3052 ταῖς
1005 2982 1058 3043 τοῦ
1083 2977 1238 3042 Ἀντωνίου
1263 2977 1437 3062 διαθήκαις)

267 3091 475 3173 ἐνεγέγραπτο
498 3089 575 3156 ιθστε
599 3092 670 3169 μηδ’
695 3090 798 3155 αἰτίαν
821 3091 890 3155 τινα
915 3093 986 3173 παρ’
1011 3092 1119 3164 αὐτῶν,
1140 3090 1237 3155 καίτοι
1260 3089 1438 3171 παρανομώ-

268 3228 360 3269 τατον
385 3207 517 3286 πρᾶγμα
543 3206 681 3279 ποιήσας,
705 3211 802 3284 σχεῖν,
827 3205 931 3270 verba·
947 3225 1011 3269 non
1033 3205 1186 3269 mutanda
1205 3205 1260 3268 sed
1273 3204 1438 3268 hoamodo

266 3320 455 3403 explicanda
486 3321 566 3383 mihi
597 3320 763 3384 videntur:
791 3318 1013 3404 „Quamquam
1038 3318 1154 3384 Caesar
1177 3318 1294 3383 fecerat
1316 3319 1439 3402 aliquid

268 3433 353 3515 quod
377 3434 630 3497 iniustissimum
654 3438 730 3515 erat,
754 3438 860 3497 tamen
885 3451 922 3496 ea
947 3451 1028 3516 quae
1047 3434 1080 3495 in
1102 3433 1237 3496 Antonii
1248 3436 1439 3497 testamento

266 3548 443 3632 perscripta
478 3553 569 3611 erant
604 3547 764 3611 eiusmodi
796 3547 928 3611 fuerunt
959 3554 993 3610 ut
1017 3566 1123 3631 neque
1148 3551 1310 3611 senatores
1334 3563 1439 3628 neque

266 3660 378 3743 populi
412 3662 540 3724 comitia
574 3660 719 3725 Caesaris
754 3660 838 3724 facto
872 3665 1085 3743 gravarentur
1116 3660 1167 3744 (ut
1190 3658 1229 3722 ab
1253 3661 1293 3723 iis
1317 3660 1438 3722 erImen

190 3827 191 3832 ,
267 3792 331 3836 non
365 3772 537 3856 haberet)”.
570 3773 798 3837 In.looutione
822 3771 963 3850 οὐδεμίαι
986 3771 1100 3837 ἐλπίδα
1124 3771 1270 3852 σωτηρίας
1294 3769 1378 3851 ἐχειν
1403 3794 1437 3834 π.

267 3909 344 3959 τινος
375 3887 425 3971 (fr.
457 3889 509 3969 25,
542 3890 578 3966 53
605 3889 655 3968 55,
680 3888 731 3968 33,
756 3887 790 3969 1)
812 3888 1005 3971 praepositio
1030 3886 1114 3967 παρα
1138 3889 1194 3950 vix
1217 3889 1281 3950 iam
1305 3886 1439 3950 coniun-

266 4001 370 4083 genda
393 4005 441 4064 est
464 4019 538 4063 cum
563 3999 659 4063 verbo
684 3997 776 4077 ἔχειν,
802 3999 857 4064 sed
882 4019 1014 4084 prorsus
1038 4001 1206 4065 cohaerere
1225 4001 1438 4064 videturcum

267 4113 397 4176 notione
430 4112 551 4178 verbali
587 4132 670 4197 quae
704 4114 788 4177 inest
823 4113 988 4178 vocabulis
1024 4112 1143 4177 ἐλπίδα
1177 4112 1339 4194 σατιρίας;
1374 4117 1440 4177 tota

267 4226 387 4289 locutio
417 4226 483 4290 fare
519 4225 701 4309 significare
719 4227 879 4290 uidetur:
908 4246 1056 4310 „sperare
1080 4225 1221 4312 (ἐλπίδα
1246 4224 1349 4312 ἔχειν)
1372 4225 1440 4291 fore

268 4345 305 4402 ut
329 4339 417 4403 salus
441 4338 612 4424 (σωτηρία)
637 4361 655 4403 a
678 4340 846 4404 cuiusdam
872 4346 961 4423 parte
984 4333 1086 4426 (παρσί
1109 4339 1206 4424 τινος)
1229 4338 1368 4404 veniat.”

312 4451 427 4518 Restat
451 4474 537 4518 unus
561 4455 652 4518 loeus
676 4455 715 4518 de
739 4455 888 4537 quoiam
915 4454 1057 4518 diximus
1080 4456 1114 4517 in
1138 4453 1202 4518 fine
1222 4455 1240 4536 ὅ
1257 4456 1314 4538 lae,
1327 4474 1441 4539 nempe
