3400 5212
817 526 860 590 59

253 717 289 777 ut
324 710 457 792 ἀπέχειν
480 713 649 797 accepisse,
673 715 839 797 recepisse,
862 717 1041 797 reportasse
1065 713 1247 798 significare
1268 712 1424 778 videatur.

254 825 342 891 Licet
377 827 453 891 ver'o
487 845 562 890 cum
596 828 727 892 notione
762 828 1007 911 praepositionis
1038 847 1104 891 non
1136 833 1303 912 pugnaret,
1324 829 1424 892 immo

256 942 375 1025 optime
397 941 583 1006 conveniret
605 941 764 1005 eiusmodi
788 943 977 1026 compositio
1002 962 1066 1026 qua
1084 940 1196 1020 ἀπέχω
1216 939 1307 1023 χάριν
1327 943 1425 1026 signi-

255 1054 365 1120 ficaret
399 1053 461 1133 έχω
496 1053 597 1135 χάριν,
631 1072 714 1138 quse
746 1051 811 1118 ἀπέ
835 1078 912 1128 τινος
935 1055 974 1119 ad
999 1057 1171 1138 mevenit,
1195 1061 1303 1121 tamen
1326 1056 1426 1120 huius

256 1187 337 1234 usus
362 1168 510 1252 exempla
532 1187 597 1232 non
622 1172 742 1232 extant
766 1167 829 1233 Sed
852 1170 886 1232 in
910 1167 1004 1234 Novo
1026 1168 1228 1235 Testamento
1247 1170 1309 1234 aha
1328 1170 1427 1254 signi-

256 1281 362 1346 ficatio
397 1283 526 1366 saepius
559 1282 743 1362 invenitur;
779 1282 832 1346 hic
866 1283 952 1347 enim
986 1280 1132 1362 ἀπ-έχειν
1166 1302 1231 1347 non
1267 1281 1428 1367 significat

257 1392 339 1473 ἔχειν
369 1393 434 1458 ἀπό
462 1416 549 1467 τινος,
581 1395 654 1459 sed:
680 1395 743 1458 ἀπο
757 1395 931 1469 :rarior
956 1392 1031 1468 ἀιως
1055 1393 1145 1474 ἔχειν.
1168 1395 1284 1462 Versio
1308 1402 1429 1479 nostra,

258 1528 341 1593 quae
378 1508 682 1594 „statenvertaling”
717 1509 844 1592 dicitnr,
878 1509 944 1575 fere
975 1510 1060 1575 idem
1091 1511 1212 1574 indicat
1234 1509 1343 1575 verbis
1370 1511 1427 1594 „aij

258 1621 383 1687 hebben
418 1623 487 1686 hun
520 1623 596 1686 loon
632 1622 755 1707 weg”‚
792 1625 812 1687 i.
825 1642 850 1688 e.
882 1642 1015 1708 prorsus
1045 1628 1245 1708 aeceperunt.
1276 1622 1429 1709 Legimus

259 1735 345 1818 apud
379 1733 577 1801 Matthaeum
612 1736 653 1819 (6,
687 1756 751 1802 vsa.
787 1739 817 1819 2,
849 1737 868 1799 5
900 1742 932 1802 et
965 1737 1036 1821 16):
1062 1735 1231 1816 ἀπέχουσιν
1254 1736 1304 1800 τάν
1327 1735 1429 1814 μισθὸν

259 1850 367 1923 αὐτῶν,
393 1849 448 1915 ubi
472 1851 658 1934 hypocritae
681 1850 834 1914 dicuntur
859 1851 1037 1916 mercedem
1056 1870 1147 1915 suam
1168 1851 1327 1934 recepisse
1341 1852 1430 1934 (quia

258 1963 361 2046 gloria
383 1965 470 2049 apud
494 1964 640 2028 homines
662 1983 760 2048 quam
784 1968 946 2050 quaerunt
967 1965 1008 2028 iis
1032 1969 1196 2048 tamquam
1220 1982 1342 2029 merces
1355 1982 1429 2048 ope·

260 2096 332 2141 rum
367 2077 455 2160 large
490 2076 671 2159 tribuitur);
709 2079 757 2141 sic
791 2078 878 2162 apud
908 2077 1029 2142 Lucam
1060 2077 1091 2158 (6
1116 2097 1163 2142 vs.
1192 2079 1262 2159 24);
1287 2076 1431 2156 ἀπέχετε

260 2190 314 2263 rho
339 2189 530 2270 ποράκνινπιν
554 2190 635 2268 ὑμῶν
658 2192 921 2270 (consolationem
946 2196 1084 2256 vestram
1104 2195 1169 2255 iam
1188 2190 1323 2274 habetis,
1342 2210 1431 2256 acce

259 2305 373 2387 pistis).
407 2303 447 2367 In
478 2305 611 2388 epistola
636 2323 766 2389 quoque
789 2304 885 2369 Pauli
908 2305 948 2369 ad
971 2304 1192 2370 Philemonem
1216 2325 1263 2370 vs.
1289 2306 1433 2370 lenaeo

259 2416 414 2501 legimus:
445 2413 492 2480 ἵνοι
515 2416 626 2481 ιάἀνιον
649 2417 740 2482 οιάπὸν
765 2417 820 2500 (se.
843 2417 1020 2501 Ὀνήσιμον)
1043 2416 1171 2498 ἀπέχρρς
1194 2419 1242 2500 (ut
1266 2422 1432 2483 aeternum

261 2549 334 2595 eum
369 2530 525 2615 haberes),
560 2536 592 2596 et
626 2531 851 2616 Philippenses
886 2535 964 2616 (cap.
995 2534 1087 2596 4vs.
1113 2533 1166 2613 18)
1189 2533 1234 2596 ita
1257 2532 1433 2616 alloquitur

260 2643 401 2710 Paulus:
436 2645 548 2724 ἀπέχω
584 2645 616 2709 δὲ
639 2643 743 2710 πάνπο
766 2643 818 2708 xci
844 2643 1017 2725 περισσεύω,
1042 2644 1247 2726 πεπλήρωμαι
1272 2641 1433 2722 δεξάροενος

263 2758 346 2838 πωρά
381 2757 607 2839 Ἐπαφροδίτου
642 2758 684 2822 πά
719 2759 790 2838 παρ’
823 2757 903 2836 ὑμῶν
935 2760 1055 2843 (accepi
1081 2761 1190 2823 emnia
1213 2758 1380 2843 habeoque
1403 2763 1434 2824 et

262 2871 408 2937 abundo:
433 2873 575 2956 repletus
598 2891 673 2937 sum
697 2871 737 2936 ab
761 2871 978 2956 Epaphrodito
1002 2874 1164 2957 accipiens
1188 2891 1272 2956 quae
1295 2893 1314 2937 a
1338 2872 1433 2938 vobis

261 3005 304 3050 so.
329 2986 408 3050 mihi
433 2991 510 3050 sunt
535 2987 654 3067 missa).
1341 2982 1346 2992 '

305 3098 345 3162 In
375 3097 470 3163 LXX
494 3101 638 3164 virorum
661 3101 809 3165 versione
833 3099 958 3165 Veteris
977 3099 1170 3165 Testamenti
1182 3101 1321 3184 legimns
1332 3101 1435 3184 primo

261 3212 343 3277 libro
378 3212 493 3278 Sacrae
528 3213 711 3298 Scripturas
743 3213 833 3294 (Gen.
867 3216 910 3278 43
943 3234 989 3279 vs.
1024 3215 1095 3295 23):
1127 3214 1161 3277 τὸ
1193 3211 1331 3294 ἀργύριον
1354 3214 1434 3292 ὑμῶν

262 3325 377 3407 ἀπέχω
409 3330 589 3411 (pecuniam
614 3334 753 3393 vestram
777 3333 876 3393 totam
896 3330 1014 3412 accepi)
1034 3327 1340 3405 etinNnmerorum
1353 3328 1435 3393 libro

263 3442 316 3521 (32
351 3460 398 3506 vs.
435 3442 504 3520 19):
540 3439 704 3521 ἀπέχομεν
739 3440 808 3515 τοὺς
841 3442 966 3522 κλήρους
1000 3443 1082 3520 ἡμῶν
1117 3442 1146 3504 έν
1181 3441 1222 3522 τῷ
1255 3440 1347 3521 πέρον
1382 3445 1434 3505 ποῦ

263 3553 405 3636 Ἰορδάνον
438 3560 576 3635 (nostras
607 3558 791 3640 accepimus
822 3561 925 3622 sortes
946 3558 1091 3640 proprias
1114 3557 1149 3619 in
1169 3557 1300 3639 regione
1321 3554 1436 3620 Trans-

263 3669 418 3748 terdona).

308 3784 406 3868 Apud
429 3784 575 3848 ethnicos
595 3803 725 3868 quoque
738 3785 795 3868 qui
807 3783 961 3848 dicuntur
972 3785 1143 3867 scriptores
1154 3781 1291 3847 verbum
1300 3779 1435 3861 ἀπέχειν

264 3898 325 3961 hoo
348 3916 446 3962 sensu
470 3896 598 3962 abunde
622 3898 799 3982 accipiendi
821 3900 950 3982 saepius
974 3898 1130 3962 occurrit:
1152 3895 1437 3981 sicapudPlutar-

264 4012 361 4075 chum
397 4009 552 4076 habemus
586 4011 704 4092 (Them.
728 4031 762 4094 ¹c.
796 4011 865 4091 17):
890 4011 940 4075 τὸν
964 4011 1077 4091 καρπὸν
1099 4010 1245 4091 ἀπέχειν,
1269 4011 1388 4090 (Solon.
1412 4030 1438 4074 c.

266 4126 307 4188 22
343 4126 378 4188 in
401 4123 494 4206 final:
532 4124 580 4189 τὸν
603 4125 705 4203 μισέάν
727 4123 856 4205 ἀπέχει,
882 4126 968 4210 apud
990 4126 1096 4190 Anon.
1120 4131 1203 4210 poet.
1227 4144 1307 4190 com.
1329 4124 1437 4208 (Mein.

265 4237 313 4301 IV
314 4286 321 4300 .
357 4237 448 4319 679);
483 4237 618 4317 Ἀπέχει
650 4234 762 4311 aanor,
796 4244 908 4311 Φιλῖνε,
934 4237 1052 4318 πνιρά
1075 4240 1126 4302 σοῦ
1150 4236 1204 4310 πέρι
1228 4237 1328 4319 χάριν,
1352 4239 1438 4323 apud

267 4352 347 4416 alios
381 4356 509 4436 ignotos
544 4358 654 4436 poetas
689 4371 731 4418 ex
764 4353 894 4417 Anthol.
929 4352 997 4416 Pal.
1031 4351 1070 4417 ab
1105 4351 1246 4418 Henrieo
1277 4351 1438 4437 Stephano

268 4465 433 4532 laudatos:
466 4465 568 4542 τιμὴν,
597 4465 693 4539 κῦδος,
718 4465 805 4546 χρέος
828 4463 972 4546 ἀπέχειν.
998 4466 1037 4531 In
1056 4466 1266 4552 inscriptione
1287 4465 1440 4532 Boeotico
