3378 5212
844 473 907 535 152

337 665 390 747 62,
416 665 446 746 5,
471 664 507 727 5:
529 664 559 726 ἐν
579 661 693 736 τούτοις
714 659 798 742 ποοοοὶ
819 661 898 726 πολὺ
918 662 1212 739 ἡμῶνέλονπποῦνποοι
1225 661 1293 746 (his
1312 664 1346 726 in
1367 661 1463 726 rebus

291 779 392 842 multo
417 773 509 841 nobis
531 776 698 842 inferiores
722 776 821 860 sunt).

334 890 370 954 fr.
405 891 459 972 40,
496 892 531 954 7:
567 889 624 954 ubi
658 891 698 955 de
733 889 889 954 militibus
921 893 977 974 qui
1009 889 1164 974 Rheginis
1188 890 1347 974 praesidio
1373 891 1463 954 missi

290 1010 389 1086 erant,
413 1005 548 1068 dicitur:
573 1002 711 1082 ἀνειμένοι
733 1003 815 1082 capul
840 1001 920 1067 πολὺ
941 1001 1041 1084 διοιίπνο
1066 1004 1137 1084 πρὸς
1156 1002 1199 1068 aab
1218 1000 1289 1067 οίκοι
1304 1001 1460 1082 χρώμενοι.

289 1116 444 1196 οίνειμέννν
467 1117 553 1181 illam
578 1115 699 1181 δίοιιποον
723 1119 900 1200 sumpsisse
925 1115 1061 1180 Dionem
1087 1119 1157 1181 sine
1177 1116 1275 1181 dubio
1295 1115 1464 1178 confirma·

290 1235 391 1297 verim
427 1252 469 1297 ex
503 1231 690 1312 Thucydide
722 1228 768 1312 (1,
793 1231 824 1312 6,
848 1230 892 1313 3),
923 1231 1021 1295 νοτίοιο
1051 1237 1157 1294 autem
1185 1253 1219 1293 π.
1246 1227 1325 1292 πολὺ
1350 1248 1462 1312 quam·

291 1367 387 1431 quam
411 1347 628 1429 comparativa
651 1346 738 1407 notio
763 1344 874 1408 deesse
897 1345 1034 1426 videtur,
1054 1344 1279 1428 coniungenda
1299 1349 1462 1408 suntcum

290 1459 456 1524 vocabulis
479 1458 547 1539 πρὸς
571 1459 613 1522 vd
635 1455 717 1531 οίκοι,
740 1461 774 1522 in
799 1457 918 1542 quibus
942 1459 1048 1522 verbis
1068 1459 1283 1542 comparativa
1296 1459 1346 1521 vis
1357 1457 1464 1520 inesse

290 1575 369 1638 mihi
391 1575 526 1639 videtur.

335 1686 502 1771 Discrepat
536 1706 601 1751 non
638 1686 719 1749 nihil
750 1684 789 1749 ab
822 1686 979 1770 exemplis
1004 1705 1086 1769 quae
1110 1687 1203 1749 attuli
1228 1685 1280 1768 78,
1305 1685 1358 1767 39,
1380 1683 1418 1746 4:
1445 1683 1462 1756 ἡ

291 1798 386 1865 εὔνοιοί
411 1804 496 1882 σφων
522 1799 606 1881 rapat
631 1800 710 1863 πολὺ
731 1801 761 1872 ἐς
785 1799 875 1863 adria
889 1849 896 1864 .
912 1847 918 1862 .
935 1848 941 1862 .
956 1837 972 1861 ,ι
988 1798 1081 1862 ἐποίει
1106 1801 1228 1878 (eorum
1249 1798 1356 1863 studia
1367 1799 1463 1881 longe

289 1917 392 2000 magis
414 1917 448 1977 in
473 1933 547 1978 eum
571 1912 767 1994 ferebantur)
792 1931 875 1997 quae
899 1912 996 1976 verba
1019 1914 1189 1975 imitantur
1211 1912 1318 1975 locum
1336 1909 1462 1990 Thucy-

289 2029 420 2092 dideum
455 2030 498 2111 (2,
533 2028 565 2111 8,
600 2029 648 2105 4);
685 2028 701 2101 ἡ
738 2024 834 2090 εὕνοιοο
871 2025 954 2105 capla
987 2025 1066 2089 πολὺ
1099 2023 1192 2089 ἐποίει
1218 2027 1274 2088 πῶν
1308 2023 1463 2103 ἀνθρώπων

290 2146 410 2220 μᾶλλον
434 2142 463 2214 ἐς
486 2140 554 2214 ποὺς
576 2137 840 2218 Λοοκεδοοιμονίονς,
866 2140 921 2203 ubi
946 2159 1020 2203 vero
1043 2140 1162 2203 locutio
1189 2137 1274 2219 ποορίο
1295 2136 1374 2202 πολὺ
1388 2156 1462 2201 oen·

289 2256 453 2340 iungenda
487 2261 535 2319 est
570 2275 644 2319 cum
679 2255 893 2338 comparativa
917 2256 1048 2318 notione
1072 2256 1204 2331 μᾶλλον,
1229 2256 1314 2318 sicut
1337 2271 1464 2336 semper

289 2370 375 2454 apud
397 2369 616 2450 Thucydidem
641 2389 714 2433 cum
740 2369 954 2451 comparativa
978 2371 1108 2431 notione
1132 2368 1253 2431 sivein
1273 2365 1373 2431 verbo
1394 2368 1462 2430 sive
1565 2365 1577 2386 ⁰

289 2485 322 2546 in
346 2481 496 2546 adverbio
520 2483 624 2566 posita
647 2482 796 2545 occurrit.

333 2595 395 2661 Sed
429 2596 600 2680 Appianus
634 2595 686 2674 (de
721 2594 793 2659 bell.
828 2596 888 2657 civ.
923 2595 952 2676 1,
984 2594 1038 2672 82)
1069 2595 1174 2658 locum
1199 2593 1395 2674 Thucydidis
1417 2595 1461 2656 ita

289 2712 448 2794 expressit
488 2715 525 2774 ut
567 2711 738 2789 omitteret
760 2706 948 2772 adverbium
983 2709 1105 2786 μᾶλλον
1140 2727 1335 2792 quamquam
1370 2707 1461 2771 facile

288 2824 459 2908 cogitando
488 2823 637 2908 suppleas
661 2824 909 2906 comparativam
934 2824 998 2885 vim
1024 2823 1208 2906 quaeipsis
1231 2822 1338 2886 verbis
1361 2821 1400 2886 ab
1424 2840 1461 2886 eo

289 2937 468 3021 significata
491 2955 555 3000 non
580 2943 637 3000 est.
663 2934 743 2999 Cum
768 2937 853 2998 enim
877 2937 922 2998 ita
946 2935 1064 3000 scribat
1087 2935 1130 3018 (1,
1153 2937 1224 3015 82):
1250 2934 1346 3015 ἦνίορ
1366 2933 1461 2999 abacta

289 3052 319 3124 ἐς
355 3049 424 3123 ποὺς
459 3048 596 3122 orama
632 3072 666 3112 π.
703 3047 781 3112 πολὺ
817 3047 922 3122 ἐποίει,
951 3049 1044 3113 facile
1076 3051 1294 3138 intellegimus
1325 3069 1368 3114 ex
1390 3051 1461 3134 ipso

289 3163 461 3228 verborum
497 3171 652 3228 contextu
688 3164 867 3248 supplenda
901 3164 979 3228 haec
1014 3183 1102 3228 esse:
1138 3165 1259 3240 μᾶλλον
1295 3161 1311 3237 ἢ
1348 3163 1378 3236 ἐς
1412 3163 1461 3228 τὸν

288 3276 424 3342 Σύλλιον.
461 3276 573 3341 Omitti
608 3282 715 3342 autem
751 3277 790 3341 ab
823 3278 970 3360 Appiano
1003 3279 1256 3360 comparativum
1288 3284 1320 3342 et
1351 3285 1461 3343 nostro

287 3392 358 3455 loco
382 3397 413 3455 et
432 3391 463 3473 5,
488 3394 528 3455 27
553 3393 661 3455 minus
685 3393 803 3455 mirum
828 3392 963 3473 videtur,
987 3392 1016 3454 si
1038 3391 1185 3455 videmus
1209 3393 1337 3475 saepius
1350 3392 1461 3456 dictio

288 3524 361 3568 nem
400 3511 493 3568 ποιεῖν
526 3505 556 3577 ἐς
587 3507 717 3569 notione
747 3504 876 3568 favendi
900 3503 938 3568 ab
963 3524 1000 3568 ec
1024 3506 1198 3569 adhibitam
1224 3525 1295 3570 esse
1318 3505 1369 3588 (cf.
1394 3504 1460 3569 Oiv.

268 3614 319 3702 ’2,
344 3595 417 3684 Ι25;
451 3620 467 3694 ἡ
504 3617 564 3698 γὰρ
599 3616 696 3682 εὔνοιοο
730 3626 785 3693 τῆς
817 3617 931 3696 βουλῆς
962 3615 1106 3696 aditura
1129 3620 1159 3692 ἐς
1182 3619 1273 3683 ababa
1297 3617 1405 3703 ἐποίει)
1430 3625 1462 3684 et

287 3734 373 3818 apud
408 3733 558 3816 aequales
594 3734 734 3817 Appiani
766 3752 1000 3816 nonnunquam
1034 3738 1127 3796 ποιεῖν
1152 3732 1224 3813 πρὸς
1247 3734 1393 3798 absolute
1416 3736 1462 3798 ita

288 3850 364 3932 poni
395 3853 430 3910 ut
460 3846 545 3911 idem
576 3846 680 3910 valeat
710 3852 807 3930 atque
841 3846 1076 3930 prodesse.
1113 3845 1371 3931 Comparativam
1395 3849 1460 3911 vim

287 3963 321 4025 in
357 3963 426 4044 ipso
461 3960 557 4024 verbo
592 3962 703 4044 itaque
733 3962 870 4044 positam
902 3979 971 4025 esse
1001 3961 1257 4044 ascriptoribus
1280 3962 1461 4044 putandum

288 4080 346 4138 est.
369 4072 451 4138 Nam
476 4077 523 4139 sic
549 4081 583 4139 ut
605 4075 776 4158 Appianas
799 4076 844 4138 ita
869 4072 998 4138 Cassius
1023 4073 1085 4138 Dio
1111 4075 1163 4157 78,
1188 4076 1241 4156 39,
1266 4075 1295 4138 4.

333 4185 454 4251 Eodem
491 4188 584 4251 modo
616 4167 833 4270 explicandae,
857 4187 912 4250 sed
936 4189 1094 4252 sententia
1117 4189 1277 4251 contraria
1300 4186 1462 4253 adhibitae

289 4306 366 4367 sunt
400 4301 580 4365 locutiones
613 4300 684 4380 παρ’
716 4297 828 4376 ὀλίγον,
854 4298 938 4379 repub
961 4298 1073 4380 μικρόν,
1099 4320 1182 4384 quae
1205 4299 1311 4365 verbis
1335 4320 1460 4384 compa·

287 4415 401 4478 rativis
436 4414 552 4478 additis
587 4416 718 4479 nonnisi
752 4414 836 4499 apud
866 4415 1058 4479 recentiores
1082 4419 1257 4480 occurrunt
1280 4417 1461 4501 scriptores,
