3378 5212
838 543 901 607 166

281 734 379 818 pavit,
423 730 618 797 πυνθάνεσθαι
658 752 734 798 vero
769 731 983 818 cognoscendi
1020 732 1152 796 notione
1185 733 1381 796 instructum
1417 730 1456 794 de
1506 703 1510 711 ⁸

282 847 443 912 industria
473 849 591 912 vitasse
622 846 758 930 videtur,
781 866 838 931 pro
859 866 924 930 quo
949 845 1046 911 verbo
1070 864 1151 911 usus
1171 849 1220 910 est
1241 843 1349 910 verbis
1373 861 1456 927 quae

282 965 359 1024 sunt
382 957 499 1024 άκοθειν
523 966 555 1026 et
577 957 743 1037 μανθάνειν.

326 1072 434 1138 Verba
457 1092 587 1158 quoque
610 1072 776 1151 γίγνεσθαι,
800 1069 873 1138 εἶναι
898 1080 929 1139 et
953 1070 1106 1153 ὑπάρχειν
1125 1092 1199 1138 oum
1220 1073 1455 1158 praepositione

283 1185 367 1267 παρά
410 1188 582 1252 coniuncta
615 1187 727 1251 itidem
763 1193 798 1253 ut
832 1187 918 1272 apud
953 1189 1152 1271 antiquiores
1187 1187 1273 1270 apud
1308 1186 1455 1251 Gessium

282 1301 502 1366 inveniuntur.
525 1305 607 1386 (pag.
633 1302 787 1379 36-92).

327 1414 346 1496 ἕ
371 1416 401 1478 3.
433 1414 471 1479 In
497 1417 732 1499 praepositione
757 1413 841 1494 παρά
864 1434 937 1479 cum
961 1416 1104 1499 genitivo
1128 1416 1162 1478 in
1186 1413 1293 1478 verbis
1317 1414 1456 1498 passivis

282 1527 424 1592 adhibita
457 1530 632 1594 novitatem
664 1529 826 1612 quandam
851 1529 957 1593 attulit
980 1526 1050 1592 Dio.
1074 1527 1205 1593 Praeter
1229 1527 1327 1592 verba
1350 1528 1470 1610 dandi„

283 1640 438 1720 mittendi,
469 1643 623 1726 loquendi
647 1661 730 1726 quae
753 1644 852 1707 Attici
877 1661 1007 1727 quoque
1031 1643 1202 1726 scriptores
1226 1662 1300 1706 oum
1324 1660 1455 1725 praepo-

282 1754 398 1818 sitione
433 1753 517 1834 παρά
554 1757 795 1819 coniunxerunt
829 1754 869 1818 ad
900 1755 1108 1820 indicandum
1132 1760 1296 1820 auctorem
1320 1756 1456 1820 actionis

282 1868 382 1933 verbo
406 1886 585 1952 expressae,
609 1869 670 1932 alia
692 1867 823 1933 Cassius
846 1868 944 1934 verba
966 1870 1011 1933 ita
1030 1869 1185 1952 adhibuit,
1204 1886 1310 1952 neque
1328 1867 1455 1949 Thucy-

284 1982 390 2047 didem
425 1983 570 2046 imitatus
601 1982 658 2065 qui
687 2001 854 2066 uunquam
879 2000 985 2065 neque
1008 1980 1210 2047 Herodotum
1235 1983 1292 2067 qui
1316 2000 1387 2046 raro
1411 1982 1457 2044 ita

283 2097 550 2181 praepositionem
584 2095 668 2175 παρά
690 2093 845 2176 adhibuit,
869 2096 925 2161 sed
949 2097 1150 2179 recentiores,
1174 2115 1191 2160 e
1216 2096 1336 2180 quibus
1359 2094 1456 2176 Poly·

284 2210 357 2274 bius
380 2210 538 2294 imprimis
562 2216 611 2274 est
635 2210 873 2275 memorandus.

328 2323 409 2388 Oum
432 2325 669 2407 praepositione
694 2323 777 2403 παρά
800 2325 971 2388 coniunxit
990 2322 1052 2389 Dio
1065 2326 1209 2409 passiva:
1225 2322 1456 2401 γιγνώσκεσθαι,

283 2437 506 2518 προδαλοῦσθαι,
554 2435 784 2517 προδείκννσθαι,
833 2435 1182 2518 προπαρασκευάζεσθαι,
1218 2434 1456 2515 διαβάλλεσθαι,

284 2551 484 2624 σκώπτεσθαι,
522 2551 680 2628 τιμᾶσθαι,
716 2552 886 2624 καλεῖσθαι,
921 2551 1118 2625 ἐπαινεῖσθαι,
1153 2548 1319 2626 άξιοῦσθαι,
1355 2550 1456 2632 ψηφί-

283 2664 396 2746 ζεσθαι,
441 2663 691 2745 προστάττεσθαι,
735 2665 961 2746 ἐπιτρέπεσθαι,
1001 2664 1268 2745 καταδικάζεσθαι,
1303 2663 1455 2745 κρίνεσθαι,

284 2779 435 2860 αἱρεῖσθαι,
472 2779 619 2842 ποιεῖσθαι
655 2779 831 2863 (adoptari),
862 2779 1042 2856 βοηθεῖσθαι,
1068 2778 1272 2859 προπάσχειν,
1298 2777 1456 2850 αἰτεῖσθαι,

284 2894 443 2969 ἡττᾶσθαι,
480 2891 678 2972 πράττεσθαι,
714 2892 912 2966 ἐκτελεῖσθαι,
949 2891 1164 2971 ὑποδέχεσθαι,
1197 2889 1375 2969 συνάγεσθαι
1406 2891 1457 2973 (of.

283 3007 408 3091 Ioseph.
432 3006 467 3070 B.
492 3006 517 3070 Ι.
542 3008 574 3089 3,
599 3007 658 3087 68,
683 3007 772 3070 Antt.
798 3007 861 3089 30),
886 3005 1066 3085 ἐπάγεσθαι,
1086 3005 1292 3085 βεβαιοῦσθαι.
1307 3005 1457 3089 Denique

285 3121 528 3186 memorandum
561 3126 609 3185 est
630 3121 667 3184 fr.
692 3122 745 3204 85,
769 3122 801 3204 2,
824 3120 881 3185 ubi
905 3121 1079 3205 singularis
1103 3139 1183 3185 usus
1207 3121 1346 3185 occurrit
1369 3136 1457 3204 prae-

283 3236 454 3320 positionis
478 3233 562 3314 παρά
584 3235 682 3299 verbo
707 3231 897 3314 ῥοθροίζεσθαι
921 3234 973 3298 καὶ
994 3232 1166 3314 μετριάζειν
1178 3234 1350 3318 adpositae.
1364 3231 1456 3309 Quod

284 3349 324 3414 ad
358 3354 505 3414 auctores
536 3349 650 3413 attinet
680 3349 815 3432 actionis
839 3350 945 3414 verbis
969 3368 1148 3433 expressae,
1172 3349 1364 3433 plerumque
1387 3367 1458 3432 per-

283 3481 389 3546 sonae,
424 3482 661 3546 nonuuuqnam
694 3468 874 3528 conventus
897 3469 982 3546 sunt,
1006 3463 1166 3547 aquibus
1192 3463 1270 3547 quid
1294 3462 1340 3546 fit,
1363 3464 1457 3527 raris-

283 3579 364 3643 sime
386 3582 495 3642 autem
518 3595 570 3641 res
594 3578 758 3642 inanimae
780 3577 824 3641 ita
848 3583 1031 3642 occurrunt.
1056 3583 1136 3662 (pag.
1162 3577 1337 3657 tit-106).

327 3692 346 3773 ξ
381 3693 411 3755 4.
445 3690 642 3774 Praepositie
679 3689 762 3770 παρά
797 3711 872 3755 oum
903 3693 1046 3776 genitivo
1071 3691 1283 3757 substantivis
1307 3692 1457 3757 additas

284 3803 389 3870 Dione
424 3806 610 3888 saepissime
645 3803 832 3886 adhibetnr;
870 3805 991 3889 ubique
1024 3806 1091 3870 iere
1126 3807 1184 3870 hac
1214 3807 1248 3869 iu
1274 3825 1309 3870 re
1332 3807 1458 3871 Atticos

285 3919 432 4003 sequitur
455 3919 635 4001 scriptores,
658 3911 845 4001 praesertim
869 3921 903 3982 in
929 3919 1140 3984 substantivis
1161 3939 1244 4005 quae
1264 3939 1337 3983 cum
1351 3918 1459 3984 verbis

271 4031 447 4111 veniendi,
475 4031 622 4095 mittendi
645 4031 824 4115 cohaerent,
848 4032 922 4097 dein
945 4034 979 4095 in
1005 4034 1164 4098 eiusmodi
1187 4033 1399 4100 substantivis
1423 4040 1460 4099 ut

287 4143 393 4218 εθνοια,
418 4144 505 4221 τιμή,
532 4141 631 4223 χάρις,
657 4143 765 4225 Φόβος,
792 4142 880 4218 ἔλεος,
905 4148 962 4229 qui
985 4145 1117 4212 affectus
1141 4147 1181 4211 ab
1205 4148 1304 4212 altera
1323 4167 1460 4232 persona

285 4261 319 4324 in
343 4260 475 4324 alteram
499 4257 657 4341 proficisci
682 4258 917 4342 quodammodo
940 4259 1118 4344 finguntur.

328 4372 531 4457 Singulerem
566 4373 782 4437 recentiorum
806 4392 904 4438 usum
929 4374 1070 4438 servavit
1096 4374 1227 4440 Cassius
1250 4377 1284 4438 in
1309 4375 1459 4441 substan-

285 4489 361 4552 tivis
393 4486 503 4570 qualia
526 4489 603 4549 sunt
627 4483 801 4565 άσφάλεια,
827 4484 948 4566 Φρονρά,
973 4485 1114 4566 Φυλακά,
1140 4486 1266 4561 σπονδή,
1290 4488 1457 4562 συντέλεια,
