3400 5212
814 517 857 580 89

244 701 410 766 adiectivis
445 699 607 781 ε’Φεοίμονς
641 725 675 765 τε
709 699 760 765 arci
796 702 1036 780 οίνοιντομνιίμοιις
1071 722 1155 788 quae
1189 703 1345 768 vocabula
1380 703 1420 768 ad

244 812 329 886 δίκιις
352 817 510 898 pertinere
532 815 625 880 facile
643 817 849 900 intellegitur.
872 816 1148 893 Quemadmodum
1161 822 1268 883 autem
1282 818 1420 902 legimus

243 929 329 1012 apud
352 927 601 994 Demosthenem
626 927 695 1016 (40,
720 928 796 1016 31):
819 930 871 994 κοιὶ
892 929 949 1004 τοὶς
972 929 1050 995 τοίνν
1062 929 1272 1011 μικρδςδίκοις
1286 930 1325 1003 είς
1338 930 1420 1008 ὑμᾶς

244 1043 365 1122 ε’Φιοῖοιν
400 1048 497 1128 atque
531 1041 601 1129 (40,
634 1041 711 1130 55);
743 1041 772 1107 εί
794 1049 890 1125 Φοιτιν
914 1043 1022 1118 οίδίκως
1045 1043 1267 1117 ἀποδιαιτῆσαί
1288 1068 1347 1122 μου
1370 1044 1420 1109 τὸν

245 1154 402 1229 διοιιτντίιν
425 1155 483 1229 τοὶς
506 1154 599 1229 δίκοις,
624 1155 675 1220 κοοί
700 1155 764 1221 τότ’
789 1154 857 1232 έξῆν
881 1157 923 1230 είς
948 1158 1029 1235 ὑμᾶς
1052 1159 1183 1240 ε’Φείνοιι,
1208 1158 1294 1242 apud
1313 1160 1419 1242 ipsum

245 1269 390 1334 Cassium
426 1271 490 1351 (54,
525 1273 555 1351 2,
590 1269 643 1354 3):
680 1269 806 1352 ἐφέντος
841 1271 918 1344 τινὸς
951 1272 1009 1335 οίτ’
1033 1272 1127 1336 adrui
1152 1294 1228 1335 ποτε
1251 1269 1420 1350 δικάζοντος

244 1388 341 1466 atque
375 1385 437 1466 (37,
471 1385 523 1465 27,
555 1385 607 1464 3):
641 1384 739 1465 ἐφῆκε
765 1384 821 1462 μὲν
843 1386 858 1448 ο’
881 1383 1031 1465 Ῥοοβίριος
1055 1385 1175 1469 quibus
1198 1385 1277 1451 locis
1301 1383 1419 1465 ε’Φιένοιι

243 1498 411 1562 transitive
446 1503 638 1580 usurpatum
673 1495 743 1579 (τὰς
778 1496 864 1571 δίκοις
899 1497 1027 1582 ἒφιένοιι)
1062 1498 1245 1583 significare
1268 1505 1418 1583 apparet:

244 1612 401 1675 iudicium
425 1612 587 1677 remittere
610 1611 650 1675 ad
675 1615 826 1676 maiorem
851 1613 1001 1695 iudicem,
1024 1614 1231 1676 intransitive
1250 1613 1346 1676 etiam
1367 1611 1421 1675 ad·

245 1724 381 1789 bibitum
417 1725 613 1809 provocandi
644 1724 738 1790 habet
763 1745 905 1807 sensum,
929 1727 976 1790 sio
999 1731 1109 1790 nostro
1133 1727 1203 1790 looo
1226 1727 1420 1810 praepositio

247 1837 331 1919 πονροδ
364 1839 409 1903 ita
443 1839 522 1902 mihi
556 1839 748 1923 explicanda
779 1840 907 1904 videtur
938 1845 974 1903 ut
997 1858 1102 1904 sermo
1124 1839 1355 1922 intelligendus
1379 1841 1421 1904 sit

245 1952 285 2016 de
319 1950 418 2025 δίκοιις
451 1947 489 2025 ἃς
525 1950 609 2032 rapit
640 1950 759 2016 ποίντων
773 2002 779 2016 .
794 2002 801 2016 .
817 2001 846 2016 ..
871 1951 1024 2033 οίρχίντων
1048 1950 1186 2034 ἐφίεοίοοι
1212 1976 1247 2016 τε
1270 1951 1322 2016 nai
1346 1953 1420 2016 οίνοι-

247 2064 424 2143 atemere
460 2067 544 2150 lieet,
578 2066 617 2130 de
652 2065 859 2130 iudicialibus
881 2069 993 2150 itaque
1017 2067 1133 2147 causis,
1158 2085 1238 2149 quas
1262 2065 1302 2129 ad
1326 2064 1420 2151 (ἐπὶ)

246 2181 383 2244 maiores
418 2179 542 2243 iudices
576 2179 698 2242 mittia
724 2179 903 2244 minoribus
925 2185 1023 2264 etque
1047 2179 1087 2244 ab
1110 2181 1151 2244 iis
1176 2181 1231 2263 qui
1255 2166 1314 2244 ius
1332 2181 1421 2244 dixe·

245 2298 324 2356 runt
366 2293 528 2357 iudioibus
571 2295 712 2357 remitti
748 2279 1055 2378 (ἀνοιτέμπεοίιιι)
1091 2294 1130 2357 ad
1168 2294 1303 2357 maiores
1336 2292 1421 2358 ticet.

246 2406 434 2472 Provocatio
470 2409 555 2472 enim
592 2407 679 2471 hisee
711 2407 818 2472 verbis
843 2408 1011 2472 manifeste
1034 2408 1196 2471 iudicatur
1219 2407 1260 2470 ad
1283 2407 1421 2490 praefec-

245 2524 313 2584 tum
349 2520 440 2585 urbis
475 2520 515 2584 iis
551 2521 607 2603 qui
643 2519 694 2584 ab
730 2519 855 2606 (rapit)
891 2520 1042 2586 omnibus
1077 2521 1148 2585 aliis
1181 2520 1421 2605 magistratibus

248 2634 381 2717 profecti
403 2633 444 2702 ad
468 2653 542 2698 oum
567 2653 602 2699 se
626 2640 811 2699 convertere
834 2637 979 2719 cupiunt.

290 2747 357 2811 Vix
381 2766 462 2831 opus
486 2749 546 2813 erit
565 2749 728 2814 attendere
747 2749 891 2812 animum
912 2749 1101 2812 adaliorum
1114 2750 1309 2833 scriptorum
1323 2768 1420 2813 usum

246 2860 335 2925 verbi
360 2858 516 2936 γίννεοίοιι
541 2881 615 2925 oum
639 2863 876 2947 praepositione
900 2859 984 2942 τοιρδι
1008 2864 1173 2926 coniuncti
1198 2863 1275 2947 quia
1293 2864 1422 2946 saepius

246 2976 394 3054 occurrit,
426 2993 451 3038 e.
464 2995 492 3058 g.
521 2975 606 3058 apud
629 2973 829 3038 Herodotum
852 2972 900 3060 (3,
923 2972 999 3061 82):
1025 2973 1168 3055 ἐλευθερίη
1194 2974 1311 3052 ἐγένετο
1337 2973 1420 3055 rupit

246 3087 352 3165 δήμου,
384 3089 468 3172 apud
500 3088 672 3154 Isocratem
697 3087 767 3176 (ll,
791 3086 867 3174 28):
893 3089 918 3152 εἰ
942 3088 995 3152 κοοί
1018 3089 1111 3166 μηδὲν
1134 3089 1215 3169 stirpi
1229 3138 1236 3151 .
1252 3139 1259 3154 .
1273 3135 1303 3151 ..
1330 3087 1422 3152 πλέον

245 3199 380 3278 γίγνοιτο
418 3199 502 3282 rapit
535 3206 591 3265 τῶν
624 3203 701 3274 θεῶν,
733 3201 802 3290 (12,
838 3200 934 3288 166);
968 3201 1157 3283 εὐερνέτνμοι
1190 3209 1251 3275 τοῖς
1283 3199 1421 3275 Ἕλλησι

246 3314 441 3393 γεγενημένον
467 3315 550 3396 rapat
574 3319 630 3380 τῶν
656 3315 812 3397 προγόνων,
835 3317 921 3400 apud
944 3317 1026 3382 alios
1049 3337 1152 3401 saepe.

288 3429 397 3495 Verbo
420 3431 530 3514 itaque
552 3428 706 3508 yiwrotar
728 3429 877 3495 absoluto
901 3433 964 3494 iam
991 3431 1162 3495 dicendum
1187 3438 1236 3496 est
1256 3431 1295 3495 de
1315 3430 1422 3496 verbis

245 3538 318 3606 είνοιι
342 3548 374 3608 et
398 3540 549 3622 ὑτοίρχειν
572 3545 606 3606 in
631 3543 750 3627 quibus
774 3543 859 3608 idem
884 3543 968 3608 valet
992 3544 1080 3626 qnod
1100 3545 1132 3607 in
1155 3542 1421 3622 verboytyuwtus

246 3659 399 3739 diximus,
422 3658 687 3741 praepositionem
714 3676 829 3740 nempe
853 3655 935 3736 τοιοίι
959 3643 1029 3721 tum
1050 3657 1185 3722 verbum
1206 3677 1280 3721 oum
1294 3657 1421 3753 substa-

247 3773 352 3835 tivum
387 3775 537 3853 spectare.
573 3767 618 3834 Hi
654 3775 732 3835 suut
766 3770 828 3834 looi
860 3769 980 3854 quibus
1011 3770 1109 3836 verbo
1133 3765 1206 3834 είνοιι
1230 3773 1422 3856 praepositio

247 3883 331 3964 τοιρίι
354 3883 461 3948 addita
484 3888 548 3948 est:

290 3997 351 4080 51,
365 3999 395 4081 4,
422 3998 455 4060 1;
490 3996 601 4068 οὐδενὸς
632 3994 675 4060 ἔτι
700 3996 793 4060 δεινοῦ
819 3995 902 4076 rupit
927 4001 984 4060 τῶν
1008 3995 1248 4078 ἐστρατευμένον
1272 3997 1420 4076 ἐσομένου,

245 4113 297 4194 45,
334 4114 385 4194 19,
422 4113 458 4174 1;
492 4104 525 4184 ἦν
550 4109 653 4182 πολλὴ
676 4109 728 4174 aui
753 4110 836 4191 ποιροδ
861 4114 912 4174 τοῦ
938 4110 1084 4192 Κοιίοοιρος
1107 4110 1159 4176 κοιὶ
1184 4110 1250 4189 ἐμοὶ
1274 4110 1327 4175 κοιὶ
1352 4112 1422 4190 ὑμῖν

246 4223 409 4307 οίτφοίλειοι
447 4223 519 4304 πρὸς
553 4224 588 4288 τὸ
623 4223 664 4288 rot
699 4223 803 4288 δέοντοι
840 4223 1073 4303 peruastauerat,
1106 4227 1159 4308 42,
1185 4227 1235 4309 le,
1261 4227 1296 4290 l:
1320 4225 1422 4299 πολλὴ

247 4334 388 4420 <ἦν>
426 4337 510 4418 orate
545 4334 668 4401 τοίντων
703 4342 760 4402 τῶν
797 4337 917 4419 πρώτον
949 4334 1085 4416 ituraea,
1119 4340 1171 4424 67,
1195 4341 1225 4423 9,
1249 4341 1291 4404 3:
1324 4338 1423 4412 riori

247 4452 348 4526 τολλίι
372 4447 406 4526 ἦν
431 4450 514 4531 τοιροδ
538 4453 595 4514 τῶν
619 4449 732 4516 ίιλλιον.

1306 4562 1323 4614 6
