3378 5212
831 535 894 597 132

319 717 479 783 Dictionis
500 716 768 783 Demosthenicae
791 720 907 781 iterum
932 717 991 780 hoc
1014 717 1084 780 loco
1105 721 1291 781 sectatorem
1312 737 1446 800 septae

275 830 327 896 bet
362 829 433 895 Dio.
466 831 650 896 Admodum
687 836 762 896 uota
797 836 874 895 sunt
908 851 949 895 ex
984 828 1210 896 Demosthenis
1241 833 1385 895 oratione
1409 832 1467 896 de·

276 944 417 1009 Corona:

321 1059 339 1140 ἓ
366 1059 422 1122 13;
449 1064 518 1130 ταῖς
542 1059 577 1120 ἐκ
600 1061 656 1121 τῶν
681 1055 774 1136 νέμων
797 1056 953 1137 τιμωρίαις
989 1058 1082 1139 παρ’
1119 1055 1235 1121 αὐτοὶ
1265 1058 1446 1131 ποίδική-

275 1195 398 1249 ματα
432 1173 573 1252 χρῆσθαι.

320 1286 338 1367 ἓ
364 1286 420 1349 15;
447 1286 554 1366 Φνγὼν
577 1285 646 1358 τοὺς
671 1285 741 1366 παρ’
765 1286 847 1349 αὐτοὶ
870 1284 912 1349 τοί
938 1283 1112 1365 πρήγματα
1132 1283 1284 1364 ἐλέγχους
1296 1284 1446 1358 τοσούτοις

276 1394 393 1477 ὕστερον
418 1397 531 1478 χρόνοις
554 1397 676 1471 αἰτίας.
693 1446 700 1460 .
715 1447 745 1462 ..
771 1399 970 1479 συμφορήσας
994 1397 1192 1478 ὑποκρίνεται.

320 1512 338 1589 ,ξ
363 1512 444 1575 226:
470 1510 540 1585 τοὺς
564 1513 635 1592 παρ’
660 1511 743 1583 αὐτοὶ
767 1511 810 1576 τίς
832 1510 994 1591 προίγματ’
1020 1511 1172 1591 ἐλέγχους
1193 1512 1298 1593 Φνγὼν
1311 1515 1357 1575 νῦν
1370 1508 1444 1586 ήκει.

320 1623 372 1689 Or.
414 1627 448 1688 in
483 1625 559 1690 Mid.
592 1627 611 1708 ξ
645 1628 704 1690 26;
752 1625 845 1705 παρ’
889 1624 1006 1689 αὐτοὶ
1047 1625 1348 1703 τοὶδικήματα
1392 1627 1446 1698 τήν

274 1736 418 1819 τιμωρίαν
440 1739 594 1803 ποιείοίαι.

311 1851 437 1917 maden
474 1855 616 1918 oratione
647 1858 666 1933 ὅ
698 1854 780 1918 215:
806 1853 830 1916 εί
868 1853 960 1933 παρ’
997 1851 1111 1917 αὐτοὶ
1146 1851 1446 1928 τάδικήματα

274 1960 365 2038 οὕτως
388 1964 510 2046 ὀργίλως
532 1962 669 2039 ίίπανπες
693 1965 816 2046 ἔχοντες
839 1965 1004 2048 ἐφαίνεσθε.

319 2076 371 2142 Or.
408 2080 449 2142 37
484 2079 502 2162 ξ
538 2082 574 2143 2:
610 2077 754 2143 οὶπιίντων
784 2079 811 2141 δ’
844 2078 998 2159 ανθρώπων
1029 2077 1165 2143 είωίίτων
1201 2079 1292 2158 παρ’
1328 2077 1445 2143 αὐτοὶ

273 2215 293 2255 τ
304 2191 326 2254 οὶ
339 2191 356 2255 δ
369 2216 378 2255 ι
391 2216 408 2255 κ
421 2192 437 2266 ή
451 2216 477 2270 μ
487 2215 508 2256 α
519 2216 539 2257 τ
551 2216 572 2256 α
606 2195 725 2270 μᾶλλον
749 2191 765 2267 ή
791 2192 898 2273 χρόνων
921 2191 1162 2270 ἐγγεγενημένων
1185 2193 1379 2270 οίγανακτεῖν.

317 2304 355 2369 In
380 2305 532 2371 omnibus
554 2307 643 2371 hisce
665 2307 823 2390 exemplis
847 2311 952 2370 orator
976 2312 1013 2370 ut
1035 2305 1141 2370 verbis
1165 2307 1233 2371 suis
1255 2307 1349 2371 addat
1362 2308 1444 2371 colo·

272 2439 340 2484 rem
363 2439 400 2484 ea
424 2439 507 2503 quae
530 2439 595 2483 non
620 2422 684 2484 nisi
707 2422 814 2484 statim
840 2425 912 2505 post
935 2439 1002 2484 rem
1027 2426 1187 2504 peractam
1208 2423 1337 2486 evenire
1357 2427 1444 2505 pote·

272 2539 345 2598 rant
378 2539 543 2618 tamquam
568 2535 666 2598 simul
690 2553 764 2598 cum
787 2534 930 2599 facinore
953 2553 1020 2598 uno
1044 2540 1142 2617 atque
1165 2535 1276 2599 eodem
1298 2542 1445 2619 ,tempore

273 2648 382 2732 peragi
401 2645 502 2731 fingit.
526 2646 564 2711 Id
587 2648 674 2731 quod
697 2655 808 2713 nostro
832 2650 903 2712 loco
925 2650 1045 2712 imitari
1068 2649 1188 2732 placuit
1211 2646 1318 2712 Dioni.
1342 2649 1444 2713 Paulo

272 2768 346 2826 ante
380 2761 504 2826 dixerat
539 2760 629 2834 ..τότε
664 2761 746 2834 εὐθὺς
781 2762 923 2836 πήν....
960 2760 1043 2835 δίκκν
1078 2761 1269 2843 είλκΦέναι,”
1303 2782 1442 2846 quocum

272 2881 358 2939 arcte
392 2875 562 2940 cohaerent
597 2874 694 2940 verba
728 2875 800 2956 παρ’
835 2873 919 2940 αὐτοὶ
953 2874 996 2939 τα
1016 2875 1209 2953 ἀδικήματα.
1234 2875 1333 2941 Hisce
1357 2878 1444 2940 enim

272 2988 378 3052 verbis
414 2986 450 3064 Q,
481 2988 592 3054 Fufius
616 2989 754 3053 Calenus
777 2991 809 3053 in
834 2987 1029 3071 Ciceronem,
1052 2992 1196 3053 oratione
1218 2992 1251 3052 in
1276 2989 1318 3054 M.
1342 2991 1444 3055 Anto·

272 3103 362 3166 nium
398 3102 514 3184 habita,
548 3102 687 3166 invehit:
725 3101 830 3184 ,Quid
865 3122 980 3168 causae
1013 3102 1075 3166 fuit
1098 3122 1165 3185 cur,
1188 3124 1262 3167 cum
1286 3104 1326 3166 ab
1350 3106 1443 3168 initio

272 3216 398 3280 videres
434 3235 493 3279 nos
528 3214 567 3278 ab
602 3234 640 3279 eo
674 3220 728 3295 (sc.
759 3216 914 3296 Antonio)
945 3217 1073 3279 iniuriis
1096 3218 1207 3300 premi,
1231 3217 1274 3297 (id
1298 3219 1381 3282 enim
1407 3224 1443 3282 tu

271 3328 422 3410 affirmas)
447 3349 511 3392 non
535 3349 550 3393 s
563 3331 652 3393 tati
666 3350 696 3392 m
724 3329 959 3415 (παραχρῆμα)
976 3349 1048 3393 eum
1063 3330 1294 3394 vindicandum
1308 3331 1443 3398 duceres

271 3451 327 3507 aut
358 3445 550 3508 accusares?
582 3442 679 3507 Nunc
699 3444 793 3508 nobis
816 3463 973 3526 recenses,
998 3445 1132 3526 quaeis
1155 3451 1283 3526 peccata
1306 3446 1442 3511 admise

270 3558 320 3639 rit,
357 3577 439 3641 quae
475 3561 666 3643 perpetrarit
700 3557 871 3637 maleficia;
907 3577 980 3621 cum
1016 3559 1050 3620 in
1081 3565 1231 3642 promptu
1255 3559 1314 3622 tibi
1336 3559 1443 3643 fuerit,

270 3673 431 3735 statim
483 3669 573 3757 (τότε
609 3669 709 3757 εὐθὺς)
749 3672 788 3736 de
823 3672 961 3755 singulis
996 3691 1130 3755 poenam
1163 3673 1308 3736 meritam
1341 3672 1380 3736 ab
1404 3692 1442 3737 eo

271 3787 416 3868 exigere:
441 3786 485 3849 ita
509 3791 544 3849 ut
568 3805 602 3850 re
626 3805 699 3850 vcra
723 3792 754 3850 te
778 3792 937 3850 amantem
962 3788 1082 3869 patriae
1105 3788 1207 3850 civem
1227 3788 1442 3870 praestitisses

272 3906 303 3962 et
337 3917 396 3961 nos
431 3901 511 3962 citra
546 3900 699 3963 damnum
724 3919 761 3963 ac
784 3899 964 3982 periculum
1000 3901 1163 3991 statim
1198 3906 1303 3983 post
1338 3902 1442 3984 ipsa

270 4011 481 4075 facinora
515 4014 548 4075 in
572 4032 646 4077 eum
671 4014 926 4077 animadvertere
948 4013 1197 4098 potuissemus’'.
1275 4009 1276 4016 '

315 4124 463 4209 Denique
487 4127 657 4190 dicendum
683 4134 731 4190 est
755 4127 977 4191 de'locutione
1002 4126 1086 4208 παρὰ
1111 4126 1206 4199 ποδας
1226 4147 1321 4212 quam
1343 4129 1442 4192 semel

270 4246 394 4302 tantum
420 4240 504 4323 apud
529 4238 664 4304 Dionem
691 4243 825 4324 repperi,
848 4261 963 4325 nempe
986 4243 1040 4331 ¹53,
1065 4243 1119 4326 30,
1143 4243 1180 4305 4:
1207 4239 1263 4304 έδει
1288 4241 1379 4306 αὐτὸν
1398 4240 1440 4305 τοί

271 4375 305 4416 τε
340 4360 396 4427 τής
431 4351 531 4431 τύχης
566 4353 617 4417 καί
652 4353 694 4418 τίν
723 4363 777 4429 τής
808 4353 1005 4434 τετρωμένας
1036 4353 1109 4435 ἔργα
1133 4354 1381 4436 προσποιούμενον
1405 4379 1439 4419 π.

270 4464 364 4539 ποδας
389 4465 513 4530 daunai.
