3400 5212
827 529 868 592 79

304 714 353 780 De
387 715 486 779 verbo
521 712 659 794 ἐλπίζειν
695 738 725 778 τι
752 712 836 794 παροί
861 738 948 788 τινος,
974 717 1147 800 quodiam
1172 720 1436 783 enumeravimus

260 833 343 894 inter
378 829 556 912 accipiendi
593 829 701 909 verba,
738 849 840 912 pauca
874 836 952 894 sunt
984 831 1119 896 dicenda
1142 833 1201 896 hoo
1225 833 1311 913 looo;
1337 832 1435 897 semel

260 950 386 1008 tantum
422 943 533 1006 inveni
569 961 683 1025 nempe
717 942 753 1005 fr.
789 944 840 1024 Μ,
870 946 881 1004 l
917 942 973 1007 uhi
997 963 1070 1008 oum
1095 945 1191 1010 verbo
1216 942 1438 1024 προσδέχεσίαί

261 1083 291 1123 τι
328 1056 412 1138 παροί
447 1078 524 1128 τινος
559 1059 768 1120 coniunctum
802 1058 959 1121 occurrit:
993 1055 1078 1138 παρα
1102 1062 1154 1122 τοῦ
1178 1055 1347 1133 ξένον...
1374 1059 1436 1120 πᾶν

259 1169 442 1251 ἐλπίζουσιν.
478 1169 597 1234 Nostro
631 1170 702 1232 looo
737 1168 873 1235 Dionem
911 1170 949 1236 de
983 1172 1146 1237 industria
1169 1173 1435 1256 praepositionem

262 1283 346 1365 παρὰ
375 1303 548 1367 usurpasse
572 1303 666 1347 nemo
690 1303 754 1347 non
780 1284 875 1366 videt,
898 1303 972 1348 oum
997 1287 1185 1369 praesertim
1209 1305 1274 1350 non
1297 1305 1435 1370 persona

260 1399 317 1463 sed
351 1417 402 1462 res
436 1398 578 1460 inanima
612 1401 676 1474 (res
711 1396 871 1460 abstracta
901 1397 935 1461 τὸ
959 1393 1038 1472 ξένον
1062 1401 1278 1483 peregrinum,
1301 1419 1435 1480 novum,

260 1512 454 1589 inauditum)
479 1527 550 1574 oum
577 1509 812 1593 praepositione
835 1511 1009 1574 ooniunota
1031 1513 1205 1576 invenitur.

303 1624 422 1689 Tamen
446 1643 511 1688 non
534 1625 644 1707 ignota
667 1629 735 1686 erat
758 1625 955 1688 constructio
980 1645 1045 1708 qua
1068 1644 1149 1690 usus
1170 1629 1218 1690 est
1241 1623 1302 1689 Dio
1326 1630 1435 1690 nostro

259 1739 347 1818 looo;
383 1738 520 1821 legimus
552 1739 638 1801 enim
670 1736 755 1822 apud
789 1736 1036 1821 Xenophontem
1070 1737 1175 1822 (Mem.
1198 1741 1229 1823 4,
1253 1740 1282 1821 3,
1309 1740 1377 1819 ill:
1402 1738 1435 1802 οὐ

260 1848 318 1931 γὰρ
354 1851 425 1931 παρ’
461 1847 564 1914 σίλλων
588 1849 620 1927 γ’
645 1847 681 1913 oin
704 1873 751 1922 τις
774 1848 867 1930 μείζω
891 1848 1024 1930 ἐλπίζων
1046 1850 1205 1933 σωφρονοίη
1230 1849 1246 1924 ἢ
1272 1850 1355 1932 παρὰ
1379 1855 1436 1917 τῶν

261 1963 302 2029 τοὶ
325 1963 463 2042 μέγιστα
487 1966 617 2044 ὠφελεῖν
641 1962 818 2041 δυναμένων,
843 1969 874 2028 et
894 1965 979 2048 apud
1000 1960 1249 2031 Demosthenem
1262 1966 1327 2048 (19,
1341 1966 1434 2044 lom:

260 2079 349 2142 ταῦτ’
374 2077 547 2142 ἐλπίσαντα
572 2078 643 2158 παρ’
668 2078 772 2141 αὐτοῦ.
887 2060 889 2066 ¹

304 2190 396 2256 Duae
426 2194 536 2277 itaque
567 2211 685 2256 oausae
708 2191 855 2258 Cassium
878 2194 1043 2278 impellere
1067 2198 1242 2278 potuerunt
1266 2214 1324 2259 our
1346 2214 1434 2279 prae

259 2308 449 2391 positionem
483 2305 568 2386 παρα
592 2311 700 2370 nostro
725 2306 795 2369 looo
818 2305 998 2371 adhiberet:
1025 2307 1172 2392 analogia
1196 2307 1285 2372 verbi
1309 2306 1433 2388 προσδέ-

262 2420 370 2500 ρηεσίαι
403 2420 490 2504 quod
514 2419 608 2483 modo
632 2426 811 2503 usurparat,
835 2425 933 2504 atque
957 2440 1036 2484 usus
1061 2421 1204 2504 vulgaris
1226 2441 1300 2486 oum
1325 2440 1433 2506 perso·

261 2555 334 2598 nam
359 2540 480 2620 spectat
503 2554 521 2598 a
544 2554 609 2618 qua
633 2534 712 2618 quid
735 2539 950 2618 exspectatur.

304 2759 488 2842 Antequam
512 2758 553 2822 ad
579 2757 712 2823 verbum
745 2757 949 2823 habendi
974 2755 1100 2844 (ἔχειν)
1124 2762 1311 2845 transimus,
1333 2779 1436 2846 pauca

260 2871 446 2936 disserenda
469 2877 547 2937 sunt
567 2872 607 2937 de
631 2853 728 2936 verbo
764 2871 961 2935 κτοῖσίαι
996 2872 1101 2956 deque
1125 2875 1303 2958 composito
1337 2874 1434 2937 σίνα-

261 2985 479 3058 κτοῖσίαι,
515 3005 598 3070 quoe
632 2986 804 3050 transitum
840 3005 859 3048 a
890 2984 997 3050 verbis
1028 2987 1208 3071 aecipiendi
1233 2987 1273 3051 ad
1296 2987 1435 3052 habendi

260 3099 395 3163 verbum
422 3099 576 3184 praebere
600 3099 758 3164 videntur.
782 3097 926 3164 Verbum
951 3099 1090 3183 simplex
1112 3098 1162 3164 bis
1186 3099 1305 3185 legitur
1328 3101 1436 3165 addita

260 3213 494 3297 praepositione
519 3211 603 3292 παραὶ
617 3232 690 3276 oum
704 3214 857 3297 genitivo,
867 3213 919 3294 63,
933 3214 984 3294 29,
997 3214 1033 3275 5:
1046 3235 1080 3276 π.
1094 3215 1151 3277 τῶν
1163 3210 1268 3277 σίλλων
1279 3213 1433 3294 ἀνθρώπων

260 3323 352 3404 ὄνομα
387 3325 472 3404 μέγα
506 3325 656 3400 ἐκτήσατο
691 3332 721 3405 (a
756 3328 869 3391 ceteris
904 3325 1090 3390 hominibus
1125 3347 1274 3411 magnam
1297 3329 1433 3412 gloriam

260 3439 322 3504 sibi
344 3442 497 3525 peperit);
522 3441 574 3523 51,
598 3443 650 3519 22,
675 3442 711 3503 l:
737 3441 809 3520 παρ’
833 3440 928 3513 αὐτῆς
949 3439 1013 3525 (sc.
1037 3445 1093 3514 τῆς
1115 3439 1234 3526 Νίκης)
1259 3440 1313 3514 την
1333 3442 1433 3522 ἀρχὴν

260 3555 410 3629 ἐκτήσατο
433 3555 485 3634 (ab
508 3555 562 3619 illa
584 3556 757 3638 imperium
781 3554 918 3638 adeptus
941 3559 1029 3632 erat).
1056 3552 1154 3618 Haud
1178 3557 1333 3620 inusitata
1356 3575 1433 3620 eane

260 3671 337 3734 haeo
360 3668 478 3732 locutio
503 3680 567 3748 est3
593 3669 730 3752 legimus
753 3668 839 3752 apud
858 3667 1107 3752 Xenophontem
1122 3669 1433 3752 quoqnesemelits

259 3801 398 3867 rumque
421 3781 553 3846 κτοῖσίαί
574 3807 604 3846 τι
631 3779 714 3862 παραὶ
737 3805 825 3855 τινος,
850 3802 875 3846 e.
887 3803 919 3867 g.
942 3783 976 3845 in
1001 3780 1116 3867 Cyrop.
1140 3784 1182 3864 (3,
1198 3784 1224 3865 l,
1238 3784 1307 3862 28):
1323 3781 1433 3864 φιλίαν

260 3895 291 3959 δὲ
328 3894 413 3977 παρα
448 3895 533 3961 τίνων
567 3893 603 3960 ἄν
639 3919 714 3960 ποτε
749 3893 879 3974 λοίβοιτε
910 3893 1059 3968 τοσαύτην
1090 3891 1158 3969 ἐσην
1188 3919 1231 3959 σοι
1255 3895 1328 3976 παρ’
1352 3897 1433 3973 ἡμῶν

260 4007 359 4084 ἔξεστι
396 4009 564 4085 κτησασίαι
600 4013 665 4091 νῦν;
696 4012 730 4074 in
755 4009 889 4074 Conviv.
915 4009 957 4093 (4,
981 4011 1054 4092 43):
1079 4006 1243 4088 Σακροίτης
1264 4007 1325 4090 γὰρ
1348 4005 1433 4082 οὗτος

261 4123 332 4204 παρ’
368 4119 401 4187 οὗ
432 4123 492 4200 ἐγὼ
524 4128 627 4187 τοῦτον
650 4121 826 4200 ἐκτησάμην
849 4121 912 4187 οὔτ’
937 4123 1049 4204 οίριίμῷ
1074 4119 1143 4187 οὔτε
1163 4123 1287 4202 σταθμῷ
1312 4123 1432 4203 ἐπήρκει

259 4260 321 4313 μοι,
355 4239 390 4300 in
424 4236 566 4302 Hierone
596 4239 638 4318 (l,
675 4239 742 4315 13):
776 4233 919 4302 ὅσα...
946 4235 1031 4316 παρα
1057 4233 1267 4302 ποίντων....
1292 4240 1431 4301 κτῶνται.

260 4349 492 4416 Demosthenes
516 4370 647 4435 quoque
670 4351 765 4416 habet
788 4352 852 4436 (18,
877 4351 946 4432 oh:
971 4345 1068 4424 δόξαν,
1093 4347 1214 4424 εὔνοιαν,
1236 4349 1328 4427 τιμὴν
1350 4349 1434 4431 παρα

265 4463 384 4530 ποίντοιν
408 4465 545 4537 ἐκτᾶσθε,
569 4472 600 4529 et
623 4464 779 4530 Isocrates
804 4465 984 4550 (15,135):
1010 4462 1121 4529 εὔνοιαν
1146 4463 1230 4548 παρίο
1254 4467 1311 4529 τῶν
1329 4460 1433 4528 ἄλλων
