3400 5212
844 521 885 588 96

318 711 372 794 50,
403 710 435 793 8,
469 711 504 773 l:
539 707 646 774 πολλα
667 708 751 789 ταρθο
774 713 832 773 τῶν
856 710 922 773 θεῶν
946 707 998 774 καί
1023 711 1130 790 ἐναργῆ
1156 706 1358 789 τροεδείκνυτο
1381 710 1450 790 (ubi

272 824 469 908 praecedunt
504 822 617 887 verba:
657 820 764 886 πολλὰ
796 822 855 886 ὑτδ
887 826 945 886 τῶν
969 821 1123 902 ανθρώπων
1146 819 1198 896 καί
1223 820 1348 887 τοικίλα
1372 824 1451 905 ἐθρυ-

273 941 384 1018 λεῑτο);
408 938 469 1001 hoe
492 936 564 1000 loeo
587 942 673 1000 certa
698 936 737 1000 de
760 955 859 999 cerasa
882 933 944 998 Dio
964 936 1234 1020 praepositionem
1258 933 1343 1015 παροδ
1361 938 1452 1001 adhi-

272 1050 381 1115 buisse
405 1050 542 1132 videtur,
565 1049 725 1114 diversam
750 1069 768 1112 a
788 1049 1025 1133 praepositione
1044 1047 1103 1111 ὑοιθ
1117 1048 1343 1132 praesedente;
1359 1051 1452 1135 signa

273 1167 360 1228 enim
384 1170 482 1248 atque
504 1165 623 1228 iudicia
647 1184 665 1227 a
685 1168 774 1246 parte
794 1163 927 1226 deorum
940 1167 1154 1245 ostentantur,
1164 1181 1330 1228 sermones
1342 1169 1451 1229 autem

172 1275 176 1284 '
274 1278 315 1343 ab'
343 1279 423 1362 ipsis
455 1278 640 1342 hominibus
663 1275 865 1358 ferebantur3
889 1277 957 1340 illio
981 1276 1151 1342 manifesto
1173 1277 1296 1341 indicat
1318 1296 1451 1362 praepo·

274 1393 348 1456 sitio
385 1390 468 1472 ταρίι
498 1391 575 1455 deos
607 1409 677 1457 esse
707 1373 855 1454 auctores
879 1410 898 1454 a
922 1408 1061 1474 quorum
1086 1395 1175 1474 parte
1200 1391 1268 1454 exit
1292 1392 1375 1454 aetio
1399 1394 1452 1454 τοῦ

274 1503 488 1585 προδεικνύναι,
524 1506 575 1568 hio
610 1505 846 1589 praepositione
883 1503 941 1568 ὑπὸ
976 1504 1138 1567 indicatur
1174 1523 1260 1568 mera
1292 1505 1376 1568 aetio
1400 1508 1452 1569 σοῦ

275 1619 385 1700 θρυλεῖν
419 1637 502 1703 quse
537 1618 576 1682 ab
607 1616 795 1684 hominibus
826 1616 871 1681 fit.
895 1617 934 1681 of.
959 1618 1013 1700 47,
1037 1617 1091 1700 40,
1118 1617 1153 1681 5:
1179 1620 1283 1681 ταῦτα
1318 1619 1364 1681 ἐκ
1398 1622 1452 1682 τοῦ

275 1731 427 1810 δαιμονίου
452 1730 541 1814 σφίσι
566 1729 750 1811 τροεδείχθη.

321 1847 374 1929 68,
412 1846 466 1929 28,
503 1847 540 1910 3:
575 1843 726 1925 ἐψηφίσθη
751 1843 782 1908 δὲ
806 1845 889 1922 αὐτῷ
915 1844 1000 1924 rapo
1023 1850 1078 1917 τῆς
1102 1844 1217 1922 βουλῆς
1240 1842 1283 1908 σοί
1306 1868 1341 1908 τε
1364 1841 1453 1909 ἄλλα

276 1958 329 2024 καί
350 1959 502 2039 νικητήρια
520 1955 577 2024 ὅσα
601 1958 733 2032 ἐθελήσει
758 1956 937 2038 διεορτνίσαι.

320 2072 466 2138 Verbum
497 2070 675 2153 ψηφίζομαι
707 2073 895 2156 saepissime
918 2072 1004 2157 apud
1028 2078 1173 2136 nostrum
1199 2074 1330 2156 passivo
1354 2091 1453 2138 sensu

278 2190 428 2267 occurrit,
459 2186 694 2271 significatione
717 2187 896 2270 praeditum
920 2188 1048 2270 passiva
1072 2185 1162 2250 verbi
1186 2186 1386 2260 decernendi,
1408 2187 1454 2250 ite

277 2306 314 2364 ut
348 2300 433 2380 παρὰ
466 2309 522 2375 τῆς
557 2300 672 2378 βουλῆς
707 2298 860 2380 ἐψηφίσθη
895 2299 938 2364 τοὶ
970 2296 1059 2364 ίίλλα
1092 2300 1158 2365 fere
1188 2301 1274 2365 idem
1299 2302 1340 2365 sit
1364 2300 1453 2385 quod

278 2413 465 2495 ψηφίσματι
489 2413 589 2496 ἕδθθη;
614 2421 649 2479 ut
672 2420 778 2479 autem
803 2413 937 2479 verbum
964 2413 1099 2479 δίδοσθαι
1120 2416 1250 2500 saepius
1269 2433 1342 2478 oum
1363 2432 1453 2497 prae

278 2529 436 2613 positione
460 2526 544 2608 rapit
567 2531 776 2593 coniunctum
801 2528 953 2610 vidimus,
978 2530 1025 2593 sio
1047 2534 1157 2593 nostro
1180 2528 1250 2592 loeo
1271 2526 1454 2613 significare

278 2640 406 2706 videtur
437 2642 556 2706 loeutio
583 2651 634 2724 „et
658 2642 720 2706 alia
744 2663 762 2706 a
786 2649 918 2707 senatus
941 2648 1029 2727 parte
1053 2645 1082 2708 ei
1107 2643 1233 2707 decreta
1256 2660 1327 2707 esse
1349 2647 1453 2722 (sena-

277 2762 385 2820 torum
420 2756 581 2840 suffragiis
615 2775 767 2822 concessa
802 2758 843 2835 ei)
878 2757 1041 2840 simulque
1075 2762 1112 2821 ut
1142 2758 1323 2841 triumphos
1346 2761 1454 2840 egeret

280 2875 437 2954 quotquot
461 2868 587 2934 vallet''.

325 2985 378 3067 37,
402 2984 456 3066 26,
481 2985 517 3047 1:
541 2981 582 3047 τα
606 2981 689 3047 κατὰ
712 2983 761 3047 τὸν
786 2982 919 3059 τθλεμον
943 2983 993 3048 τὸν
1013 2983 1082 3064 τρδς
1101 2990 1291 3065 Σατουρνῖνον
1303 2984 1328 3048 οἱ
1340 2979 1453 3049 ὕτατοι

280 3095 350 3162 τότε
385 3097 469 3177 παρὰ
503 3103 556 3170 τῆς
593 3096 708 3175 βουλῆς
743 3096 1004 3177 τροσετετνίχατο.
1043 3100 1159 3162 Activo
1195 3117 1312 3183 genere
1336 3099 1455 3164 dieitur

281 3208 482 3290 προστάττειν
505 3210 566 3275 τινί
586 3235 617 3275 τι
643 3213 794 3277 mandare
814 3212 909 3276 alicui
931 3212 1063 3297 aliquid,
1076 3214 1204 3297 passivo
1218 3218 1324 3278 autem
1336 3231 1454 3296 genere

280 3327 409 3390 dativus
442 3324 478 3389 fit
510 3324 700 3409 subiectum,
731 3327 815 3391 sieut
847 3333 957 3392 nostro
988 3328 1058 3392 loeo
1082 3327 1107 3391 oi
1131 3322 1243 3391 ὅτασοι
1270 3325 1453 3406 τροσεσετοί-

280 3461 364 3518 χατο
386 3459 443 3524 pro
468 3441 588 3503 activo:
614 3441 630 3514 ἡ
656 3439 753 3517 βσυλη
779 3437 1000 3520 τροσετετιίχει
1021 3445 1083 3512 τοῖς
1105 3437 1240 3512 ὑτιίτοις.
1255 3439 1454 3522 Praepositio

281 3559 387 3619 autem
425 3551 509 3633 ταρθο
542 3555 670 3637 passivo
700 3555 811 3638 generi
844 3553 951 3618 addita
981 3573 1046 3618 non
1070 3572 1201 3638 prorsus
1224 3553 1309 3619 idem
1333 3553 1455 3617 indicat

280 3673 378 3752 atque
402 3665 470 3740 ὑτί,
494 3687 569 3731 nam
594 3665 677 3747 παροδ
697 3668 772 3731 huie
792 3686 922 3752 quoque
942 3667 1040 3732 verbo
1059 3668 1211 3732 adiuncta
1231 3668 1365 3732 localem
1388 3686 1452 3732 ser-

281 3787 336 3845 vat
360 3782 522 3846 notionem
550 3800 632 3845 oon
645 3800 665 3844 v
679 3801 729 3847 en
743 3787 755 3846 t
768 3803 790 3846 u
804 3802 834 3845 m
860 3783 1036 3866 respiciens
1061 3782 1146 3845 uude
1171 3784 1245 3866 quis
1270 3779 1455 3861 πρόσταγμα

282 3918 312 3958 σι
351 3892 523 3976 raptionem
564 3895 749 3960 mandatum
785 3896 885 3980 igitur
921 3916 938 3958 a
974 3901 1063 3979 parte
1098 3902 1230 3961 senatus
1265 3895 1455 3960 oonsulibus

283 4010 386 4092 datur,
409 4010 558 4074 eonsules
582 4015 808 4075 assuetorum
832 4015 920 4094 parte
942 4010 1076 4094 imperia
1099 4011 1270 4094 accipiunt.

329 4123 382 4206 74,
407 4124 437 4205 7,
460 4124 496 4189 7;
528 4130 591 4197 τοῖς
614 4124 670 4202 μὲν
694 4121 795 4203 θσίρσος
819 4123 856 4195 ὥς
879 4120 930 4186 καί
957 4121 1039 4202 νεαροὶ
1063 4126 1115 4186 τοῦ
1140 4123 1215 4187 θείου
1239 4122 1455 4204 βοηθουμὲνσις,

284 4242 346 4310 τοῖς
377 4236 409 4300 δὲ
437 4236 500 4310 δέος
523 4239 560 4311 ὡς
582 4235 634 4302 καί
659 4237 712 4300 ὑπ’
737 4237 830 4300 αὐτοῦ
855 4234 1090 4314 πολεμουμένοις
1113 4236 1307 4315 ἐμβαλοῦσα.
1333 4235 1458 4321 Operae

282 4352 421 4436 pretium
456 4357 505 4417 est
539 4354 685 4416 animum
721 4351 885 4415 attendere
909 4350 948 4414 ad
973 4351 1051 4415 haee
1073 4351 1172 4415 verba
1196 4353 1272 4436 quia
1296 4352 1456 4436 praeposi-

283 4466 387 4530 tiones
423 4464 506 4545 ταρὰ
541 4471 572 4531 et
607 4464 665 4530 ὑπὸ
696 4467 730 4529 in
754 4464 865 4530 eadem
889 4466 1049 4530 sententia
1072 4471 1263 4548 ooeurruut;
1288 4466 1457 4531 videamus
