3378 5222
842 517 885 579 20

269 723 350 769 usus
373 703 620 787 praepositionis
647 700 731 782 raph
754 721 829 767 cum
853 702 961 767 dativo
985 701 1200 785 passivis
1224 699 1316 763 verbi
1333 698 1444 763 formis

267 817 438 882 adiunctae
460 815 651 882 illustretur.
676 813 747 892 Quo
772 836 835 880 usu
859 816 1050 880 delectatum
1071 833 1142 878 esse
1161 811 1300 877 Dionem
1313 814 1445 877 minime

269 907 386 995 mirum
420 931 449 994 si
484 931 615 1014 quidem
652 907 831 1009 asareem
853 935 946 994 sonat
975 935 1006 993 et
1029 930 1132 1011 magis
1155 928 1313 991 rhetorice
1338 925 1444 1010 ,apud

268 1045 414 1109 homines
447 1043 595 1109 lauderi”
630 1063 728 1128 quam
767 1042 827 1124 „ab
863 1041 1082 1123 hominibus”,
1117 1042 1214 1104 sicuti
1245 1038 1444 1104 nostratibus

268 1177 399 1243 quoqne
421 1159 554 1222 minime
575 1157 659 1221 idem
684 1155 848 1221 videbitur
871 1157 899 1219 si
923 1157 997 1240 quis
1021 1154 1140 1218 dicitur
1165 1154 1301 1237 „geeerd
1325 1158 1357 1218 te
1381 1155 1443 1236 siju

268 1273 308 1356 bij
333 1273 372 1336 dc
396 1269 591 1336 menschen'’
614 1290 652 1334 ac
678 1270 778 1352 „door
801 1270 841 1334 de
864 1267 1068 1334 menschen”.

311 1384 422 1449 Primo
445 1385 516 1448 loco
539 1403 594 1448 eos
617 1382 823 1448 laudabimus
845 1382 934 1447 locos
954 1380 1073 1466 quihus
1093 1380 1183 1444 verbi
1201 1381 1330 1463 passiva
1340 1379 1444 1443 forma

267 1499 353 1564 idern
388 1499 474 1563 valet
507 1516 545 1561 ac
575 1496 817 1562 substantivum
850 1495 979 1560 verbale
1009 1496 1220 1559 coniunctum
1247 1513 1322 1557 cum
1346 1492 1443 1557 verbo

268 1609 366 1691 ἔχεονε
392 1610 446 1677 Sic
468 1613 625 1676 occurrit:

313 1727 366 1808 38,
397 1727 448 1808 23,
481 1727 517 1789 5:
549 1721 631 1788 ἔστιν
662 1719 683 1786 ἃ
716 1727 774 1787 τῶν
798 1720 887 1803 ἔργον
910 1720 1038 1786 traho
1064 1719 1150 1801 παρὰ
1173 1719 1250 1784 τισὶν
1274 1717 1346 1783 ἔνο-οι
1370 1719 1442 1799 παρ’

269 1835 378 1911 ἄλλοις
409 1838 591 1911 thoracum,
624 1837 680 1902 ubi
703 1835 830 1901 ἐπαίτιοι
852 1834 923 1901 tura
946 1836 1032 1900 idem
1055 1840 1105 1900 est
1128 1835 1215 1919 quod
1239 1832 1339 1897 airino
1363 1831 1443 1913 ἔχει,

268 1952 440 2016 ἕποινεῖτοο
475 1953 564 2037 quod
595 1948 716 2015 ἔποοοοο
744 1949 824 2030 ἔχει,
848 1953 893 2015 ita
916 1955 953 2014 ut
977 1953 1086 2015 minos
1109 1949 1316 2034 cogitandum
1340 1949 1383 2012 sit
1405 1949 1445 2014 de

267 2069 511 2150 personis,
546 2085 629 2150 quae
664 2067 798 2150 ipsae
832 2064 964 2148 culpent
996 2064 1179 2147 laudentve,
1207 2083 1309 2148 quem
1341 2063 1381 2128 de
1402 2064 1444 2128 iis

268 2199 419 2245 coram
454 2179 629 2264 quihus
663 2179 715 2243 vel
746 2197 942 2263 quorum
974 2179 1162 2242 iudicio
1185 2177 1310 2261 aliquid
1334 2177 1442 2260 culpe·

268 2298 320 2357 tur
344 2293 394 2357 vel
418 2293 579 2358 laudetur.

312 2403 468 2470 οοίτίοοο
502 2402 631 2485 ἔχειν
667 2427 702 2468 π.
739 2428 832 2468 τινι
868 2406 1008 2469 occurrit
1032 2404 1084 2487 36,
1109 2407 1139 2486 2,
1165 2405 1200 2467 l:

313 2517 415 2582 οἶτίοον
438 2519 475 2591 ὥς
498 2518 551 2582 οὐκ
575 2517 719 2591 ἐθελήσοις
741 2516 792 2581 τὸν
818 2516 951 2595 πόλεμον
965 2565 972 2580 .
987 2564 994 2579 .
1009 2563 1040 2582 ..
1062 2520 1248 2590 saronicus,
1270 2541 1304 2580 rr.
1325 2541 1360 2581 rs
1381 2523 1444 2590 τοῖς

270 2632 378 2705 ἄλλοις
413 2630 465 2695 καὶ
502 2655 537 2695 π.
573 2637 635 2704 τοῖς
667 2629 812 2704 πολίταις
835 2629 922 2711 ἔσχε,
948 2651 1012 2716 quo
1036 2631 1105 2694 loco
1122 2629 1225 2694 οἷτίοον
1248 2628 1333 2710 ἔχειν
1356 2632 1443 2715 quod

267 2746 472 2828 Thucydides
502 2766 540 2810 ac
562 2745 745 2829 Xenophon
769 2764 844 2809 cnm
868 2747 1104 2830 praepositione
1127 2742 1185 2808 ὑπὸ
1207 2747 1445 2810 coniunxerant

267 2859 400 2925 Cassius
425 2880 498 2924 cum
526 2862 762 2944 praepositione
786 2859 871 2939 ποροὶ
890 2860 1072 2942 coniunxit,
1087 2860 1175 2923 cives
1186 2859 1258 2923 illos
1270 2878 1308 2923 ac
1320 2864 1443 2924 ceteros

270 2980 435 3058 tamquam
459 2975 605 3039 iudicum
629 2975 802 3054 concilium
826 2974 888 3038 sibi
910 2993 1102 3058 proponens.

191 3071 193 3076 Ι
313 3089 412 3152 Arete
447 3088 596 3152 cohaeret
634 3087 684 3170 73,
719 3089 750 3169 4,
786 3088 823 3150 1:
859 3084 987 3149 ἐποίνων
1011 3109 1045 3149 rr.
1072 3087 1166 3149 πᾶσιν
1190 3082 1364 3164 ἀξιούμενος
1386 3086 1444 3151 ubi

269 3201 442 3266 manifesto
464 3200 735 3284 deprehendimus
755 3198 1022 3285 significationem
1047 3199 1114 3263 fere
1132 3199 1278 3282 localem,
1289 3200 1444 3264 translate

267 3321 376 3380 autem
406 3321 609 3398 usurpatam:
637 3315 802 3396 ,omniurn
826 3315 947 3378 iudicio
970 3313 1121 3378 laudibus
1144 3312 1358 3397 dignandus&

311 3429 364 3493 Ad
398 3429 632 3494 illustrandum
668 3430 810 3512 primum
846 3433 993 3492 nostrum
1029 3427 1215 3511 exemplum
1250 3427 1313 3509 (38,
1338 3426 1389 3509 23,
1413 3428 1444 3508 5)
1487 3473 1489 3480 .

267 3548 353 3608 recte
376 3548 646 3607 commemoratur
671 3542 723 3624 hi,
748 3543 799 3624 21,
824 3543 853 3624 3,
877 3541 934 3606 ubi
954 3541 1051 3606 verba
1071 3560 1112 3605 ex
1132 3540 1257 3606 Zonere
1275 3542 1445 3624 desumpta

268 3664 459 3721 occurrunt:
499 3653 611 3720 πολλοὶ
647 3653 763 3720 ἔπαινοι
799 3655 850 3719 uoti
887 3679 921 3719 rr.
959 3655 1001 3734 τῷ
1031 3655 1116 3736 δήμῳ
1147 3654 1198 3718 aori
1224 3678 1259 3718 rr.
1283 3662 1321 3735 τῇ
1344 3654 1443 3735 βουλῇ

268 3769 423 3848 ἐγίγνοντο
446 3772 497 3853 (de
520 3768 664 3851 Seiano),
689 3771 741 3833 hic
765 3769 804 3834 de
827 3769 1015 3839 laudatoriis
1039 3770 1239 3833 orationibus
1262 3787 1443 3833 sermonem

167 3919 168 3922 ¹
269 3903 339 3949 esse
372 3884 466 3949 facile
500 3890 640 3968 apparet,
670 3885 715 3947 ita
737 3889 784 3947 ·ut
807 3883 914 3947 locum
941 3903 1037 3947 suurn
1062 3883 1176 3946 habeat
1200 3883 1386 3966 exemplum
1409 3884 1443 3945 in

269 3998 376 4062 verbis
403 3996 597 4082 „loquendi”
621 3997 660 4060 ad
685 3995 873 4060 indicandas
896 4015 1050 4079 personas
1073 3996 1124 4061 vel
1145 3997 1337 4078 contionem,
1358 3994 1444 4079 apud

270 4131 368 4197 quam
393 4110 491 4176 verba
513 4110 608 4174 fiunt.

315 4225 462 4290 Alterum
487 4225 671 4308 exemplum
696 4223 786 4288 verbi
810 4224 930 4308 passivi
954 4223 1084 4307 praebet
1107 4223 1157 4305 77,
1178 4225 1229 4305 20,
1249 4225 1278 4306 d,
1300 4223 1445 4288 ubihaec

274 4340 443 4423 leguntur:
480 4334 595 4413 εὔδοξον
626 4360 661 4401 rr.
686 4337 789 4410 οὐτοῖς
812 4335 963 4418 ἐνομίζετο
988 4339 1082 4421 (quae
1105 4337 1244 4401 elocutio
1267 4337 1345 4400 mihi
1369 4355 1445 4400 con·

272 4473 392 4539 gruere
427 4453 555 4517 videtur
589 4471 663 4516 eum
699 4452 751 4534 56,
786 4453 815 4534 2,
846 4454 875 4534 5,
906 4450 963 4516 ubi
993 4448 1086 4513 καλὸν
1108 4472 1140 4512 π.
1166 4447 1284 4522 ἐκείνοις
1306 4448 1443 4512 δέδοκται
