3378 5212
811 509 874 573 126

300 691 373 756 Non
429 693 566 758 multum
618 692 658 757 ab
711 694 771 758 hae
825 696 954 760 notione
1002 695 1099 760 distat
1144 697 1234 762 loeus
1280 717 1429 783 sequens,

256 825 385 890 nempe:

284 921 356 1014 Ι99,
381 920 435 1003 50,
458 921 495 984 2;
519 920 549 992 ἐς
568 918 1429 1003 Βρεττανίαν....ἒπεραιιίίηήδὲδήχώραοιῦτη....

259 1033 384 1113 παρήκει
419 1055 450 1096 π.
476 1057 511 1096 τε
535 1034 589 1106 τήν
612 1033 721 1106 λοιπήν
746 1033 905 1099 Γαλατίαν
928 1033 1049 1122 (nuper
1074 1055 1178 1100 sermo
1202 1042 1271 1100 erat
1294 1038 1333 1101 de
1356 1044 1429 1100 Μοι-

257 1144 357 1233 ρίνοις)
388 1147 440 1211 καί
472 1171 506 1210 π.
532 1146 586 1219 τήν
609 1146 741 1228 Ἰβηρίαν
765 1147 869 1225 ὀλίγον
894 1151 1007 1221 πᾶσαν,
1034 1150 1064 1222 ἐς
1087 1149 1120 1214 τὸ
1146 1147 1285 1226 πέλαγος
1308 1149 1429 1214 οίνατεί-

257 1284 355 1325 νουσα.
381 1261 414 1326 si
437 1264 523 1326 enim
547 1266 632 1326 recte
655 1263 807 1346 intellego
832 1263 910 1346 quid
935 1263 996 1327 sibi
1018 1264 1095 1328 velit
1108 1262 1168 1327 Dio
1180 1267 1214 1327 in
1229 1265 1286 1327 hac
1299 1267 1430 1348 regione

258 1375 476 1456 describenda,
498 1375 634 1459 fingitur
657 1375 824 1439 Britannia
849 1395 979 1460 vergere
1011 1396 1154 1440 secun
1170 1377 1224 1441 du
1238 1399 1268 1440 m
1294 1377 1429 1441 Galliam

258 1496 290 1554 et
324 1487 511 1572 Hispaniam
536 1488 603 1553 fera
626 1495 734 1570 totam,
757 1492 777 1553 i.
791 1509 817 1553 e.
842 1492 1017 1573 oppositam
1045 1489 1167 1554 Galliae
1189 1489 1451 1576 Hispaniaeque,

258 1601 438 1682 littoribus3
463 1601 501 1665 of.
524 1601 636 1684 Polyb.
664 1604 694 1686 1,
718 1602 771 1686 55,
796 1604 832 1666 6:
856 1602 869 1666 ὁ
890 1602 920 1666 δὲ
940 1599 1038 1683 ’Ἔρυξ
1049 1601 1113 1667 ἔστι
1127 1601 1253 1683 μὲνίρος
1266 1626 1299 1666 π.
1314 1602 1430 1668 ίοίλατ-

259 1739 315 1780 ταν
339 1723 393 1791 τής
416 1714 558 1789 Σικελίας
581 1715 610 1779 ἕν
633 1724 671 1796 πή
705 1739 738 1778 π.
770 1714 844 1788 τήν
868 1714 1072 1780 Ἰταλίαν
1096 1716 1215 1798 κειμένη
1244 1723 1372 1800 πλενρρῖ,
1395 1720 1430 1781 in

260 1848 297 1894 eo
320 1830 418 1894 latere
443 1849 525 1914 quae
549 1837 598 1895 est
620 1831 765 1914 opposita
786 1829 898 1894 Italiae
922 1827 1020 1916 orae).

293 1939 410 2007 'Verba
444 1943 582 2017 καθήκειν
614 1948 649 2026 et¹
669 1943 812 2023 παρήκειν
837 1945 964 2027 saepius
988 1962 1063 2006 eum
1087 1945 1323 2028 praepositione
1347 1943 1432 2024 rapa

261 2059 435 2121 coniuncta
460 2064 650 2138 ooourrunt3
673 2077 747 2120 eum
767 2058 854 2141 apud
865 2056 1083 2138 Thucydidem
1097 2059 1236 2141 legimus
1248 2056 1297 2144 (2,
1310 2058 1365 2141 99,
1377 2055 1432 2144 4);

261 2179 315 2245 τῆς
337 2169 478 2244 Παιονίας
502 2195 536 2234 π.
561 2170 610 2236 τὸν
632 2167 739 2244 ’Ἄξιον
761 2171 896 2249 ποταμὸν
920 2171 1022 2246 στενήν
1041 2194 1110 2235 τινα
1129 2167 1432 2246 καίήκονσανοίνιοίεν

260 2283 354 2365 μέχρι
390 2283 514 2359 Πέλλης
549 2284 600 2348 καί
634 2282 790 2358 ίαλοίσσης
819 2284 994 2359 ἐκτήσαντο,
1019 2304 1124 2350 sermo
1149 2305 1220 2350 esse
1244 2286 1371 2350 videtur
1394 2285 1433 2349 de

260 2391 390 2483 re'gione
423 2399 561 2482 quadam
593 2403 731 2482 angusta
756 2417 839 2482 quae
873 2398 1131 2463 seeundum
1162 2400 1287 2464 Axium
1310 2398 1432 2462 flumen

261 2515 365 2598 vergit
389 2532 494 2597 usque
518 2513 558 2576 ad
582 2512 696 2576 urbem
721 2513 842 2577 Pellam
868 2519 899 2578 et
920 2532 1022 2594 mare;
1046 2515 1239 2597 praepositio
1264 2510 1350 2592 παρὰ
1373 2513 1433 2574 hoo

263 2628 333 2691 loeo
368 2628 467 2712 igitur
501 2647 566 2691 non
603 2627 761 2692 diversam
797 2627 893 2693 habet
925 2627 1190 2712 significationem
1226 2647 1244 2690 a
1280 2625 1433 2690 Cassiano

260 2742 329 2806 loeo
353 2740 424 2829 (39,
447 2743 502 2826 46,
529 2743 564 2806 1ι
591 2765 625 2804 π.
651 2740 684 2804 τὸ
708 2739 892 2827 Πνρηναῑον).
913 2741 1021 2806 Verba
1040 2762 1073 2804 π.
1095 2739 1145 2804 τὸν
1165 2737 1273 2815 ’Άξιον
1294 2739 1433 2817 ποταμὸν

261 2856 340 2920 mihi
375 2856 601 2939 coniungenda
636 2874 707 2920 esse
742 2855 893 2920 videntur
928 2875 1000 2918 oum
1036 2856 1203 2938 participio
1238 2852 1432 2929 uallarem,
1465 2903 1466 2906 ,

261 2989 320 3035 nee
354 2990 429 3034 eum
465 2969 563 3033 verbo
599 2967 763 3042 ἐκτήσαντο
805 2967 855 3056 (id
887 2969 973 3053 quod
1004 2969 1104 3032 Alvin
1137 2969 1241 3032 voluit
1270 2970 1305 3033 in
1337 2989 1433 3052 opus-

262 3083 334 3147 culo
370 3081 456 3168 suo).
492 3081 639 3164 Παρήκειν
674 3082 759 3164 παρα
789 3085 918 3168 saepius
953 3085 1091 3147 occurrit
1121 3083 1208 3166 apud
1232 3081 1431 3147 Herodotum

261 3216 286 3262 e.
299 3217 327 3280 g.
364 3199 396 3280 4,
416 3197 475 3261 39:
497 3197 530 3261 τὸ
554 3196 586 3260 δὲ
609 3181 683 3261 ἄπο
697 3195 830 3270 Φοινίκης
855 3196 982 3276 παρήκει
998 3245 1006 3260 .
1021 3244 1028 3259 .
1044 3243 1072 3260 ..
1099 3197 1116 3270 ή
1141 3193 1222 3268 οίκτή
1241 3191 1320 3268 αὕτη
1342 3219 1377 3258 π.
1399 3220 1434 3260 τε

260 3307 366 3390 Σνρίην
401 3308 454 3381 τήν
488 3308 697 3383 Παλαιστίνην
731 3309 783 3374 καὶ
827 3306 996 3387 Αἴγυπτον,
1021 3309 1051 3381 ἐς
1072 3307 1125 3381 τήν
1149 3313 1283 3392 τελευτᾷ
1305 3308 1433 3393 (seeun-

260 3425 338 3488 dum
369 3422 495 3505 Syriam
520 3423 734 3488 Palaestinam
760 3428 792 3488 et
815 3422 1033 3507 Aegyptum);
1058 3424 1090 3507 4,
1114 3424 1174 3487 42:
1200 3421 1295 3499 μήκεϊ
1314 3420 1373 3502 γὰρ
1398 3445 1433 3484 π.

262 3535 443 3618 ἀμφοτέρας
477 3535 618 3622 (Λιβύην
653 3562 688 3601 τε
723 3536 775 3600 καί
811 3535 934 3620 Ἀσίην)
960 3535 1086 3616 παρήκει
1111 3537 1127 3607 ή
1152 3535 1280 3617 Εὐρώπη
1306 3535 1433 3620 (seeun-

263 3652 339 3716 dum
371 3657 543 3736 utramque
567 3650 654 3716 orbis
673 3656 831 3716 terrarum
854 3656 976 3735 partem
1000 3650 1131 3734 Europa
1154 3651 1322 3735 pertinet);
1347 3651 1432 3715 idem

262 3763 418 3829 habemus
445 3766 477 3847 4,
501 3766 553 3830 45.

308 3875 461 3960 Sequitur
485 3879 516 3962 2,
544 3880 559 3942 1
586 3878 660 3963 (vol.
683 3878 707 3942 I.
730 3899 760 3962 p.
785 3878 864 3962 356)
888 3877 944 3941 ubi
969 3876 1065 3942 verba
1086 3877 1219 3942 Tretzae
1243 3878 1432 3942 laudantur:

265 3989 396 4053 Αὐσονία
422 4013 456 4054 π.
482 3989 637 4055 θάλασσαν
661 3989 780 4068 κειμένη
805 3990 975 4075 (Ausonia,
1000 3992 1230 4055 Auruncorum
1251 3993 1436 4076 regiointer

263 4103 399 4168 Volscos
423 4111 454 4169 et
477 4104 656 4190 Campanos
681 4105 859 4169 seeundum
885 4124 971 4169 mare
994 4104 1078 4188 sita).

307 4218 355 4284 De
388 4219 575 4285 hominibus
609 4220 661 4284 vel
691 4220 820 4303 populis
843 4221 936 4282 iuxta
958 4218 1079 4282 flumen
1105 4218 1155 4283 vel
1180 4223 1321 4282 montem
1347 4218 1435 4282 habi-

265 4334 408 4400 tantibus
432 4335 567 4399 dieitur:

310 4451 363 4533 49,
398 4450 451 4532 36,
488 4451 525 4512 2;
561 4447 700 4525 νέμονται
725 4471 759 4510 π.
784 4447 874 4510 αὐτὸν
897 4447 945 4510 τὸν
969 4445 1084 4527 Ἴστρον
1107 4447 1209 4531 (quod
1233 4445 1368 4512 verbum
1391 4448 1436 4512 ita
