3378 5222
825 537 865 600 17

302 718 371 784 Iam
407 720 494 804 apud
516 721 715 804 antiquiores
739 722 908 787 historicos
931 723 983 787 hio
1007 742 1089 788 usus
1112 723 1299 806 saepissime
1323 741 1433 788 oecur-

259 834 317 912 rit:
349 831 518 898 Herode.
543 855 573 918 g.
598 836 727 918 saepius
750 834 898 900 adhibuit
921 835 960 919 (Ι.
988 836 1111 916 lo;11.
1139 838 1222 916 1453
1245 837 1285 900 V.
1310 838 1369 917 88;
1395 837 1434 901 V.

261 947 351 1025 92u:
377 945 436 1010 IX.
463 946 549 1030 107).
572 946 737 1013 Diodorus
760 946 890 1013 Siculus
910 968 1042 1033 quoquo
1065 927 1253 1033 saepissime
1265 951 1434 1035 usurpavit

258 1061 299 1124 iis
322 1060 423 1143 libris,
447 1060 569 1144 quibus
592 1061 632 1126 de
653 1063 845 1146 populorum
870 1064 1030 1128 institutis
1052 1070 1101 1128 est
1124 1082 1239 1128 sermo.

302 1284 355 1348 Ex
379 1283 671 1369 significationibus
694 1286 926 1369 posterioribus
944 1286 1040 1358 facile
1059 1285 1270 1351 transibimus
1282 1287 1322 1352 ad
1336 1306 1433 1352 usum

258 1399 505 1482 praepositionis
541 1396 626 1477 σαροῖ
660 1417 734 1461 oum
759 1398 866 1462 dativo
889 1400 923 1462 in
947 1399 1054 1464 verbis
1087 1399 1338 1482 loquendi,
1375 1399 1433 1463 ubi

168 1497 172 1512 '
258 1530 415 1595 personae
433 1512 628 1594 indicantur,
651 1512 736 1595 apud
761 1531 842 1596 quas
866 1514 940 1595 quis
965 1512 1063 1577 verba
1086 1512 1169 1576 faoit.

303 1626 356 1708 46,
377 1626 431 1708 41,
456 1627 493 1688 5:
523 1623 703 1705 κατηγορίας
727 1648 761 1688 τ.
786 1625 910 1699 αὐτοῖς.
926 1675 933 1690 .
948 1675 978 1692 ..
1005 1624 1089 1690 κατὰ
1112 1630 1165 1690 τοῦ
1190 1625 1286 1704 δήμου
1311 1625 1433 1699 πολλοῖς

260 1739 400 1802 ἐποιεῖτο.

305 1853 356 1935 77,
370 1855 399 1935 5,
411 1855 448 1916 4:
473 1851 526 1925 τὴν
538 1849 701 1932 οῖρρωστθαν
713 1851 807 1915 αὐτοῦ
820 1852 920 1929 οῖσεβνῖ
934 1876 967 1915 τ.
984 1858 1046 1926 τοῖς
1057 1850 1261 1933 στρατιώταις
1273 1850 1433 1930 ὠνόμασεν.

306 1966 358 2047 56,
382 1968 434 2047 35,
458 1967 498 2029 3:
525 1988 560 2028 ιτ.
587 1963 677 2043 ὑμῖν.
692 2013 699 2028 .
715 2014 722 2029 .
738 2005 754 2030 .·
770 1964 840 2038 τοὺς
864 1965 971 2044 λόγους
994 1966 1169 2045 ποιήσομαι.

304 2078 576 2163 Subiungendum
613 2078 744 2142 videtur
777 2079 961 2163 exemplum
996 2100 1015 2144 a
1050 2078 1172 2143 Zonara
1208 2079 1432 2162 desumptum:

264 2191 371 2256 τολλοῖ
409 2190 525 2256 ἔπαινοι
561 2189 612 2254 καὶ
645 2213 679 2253 τ.
712 2189 862 2272 τῷδήμῳ
885 2190 936 2256 καὶ
962 2215 996 2255 τ.
1022 2200 1060 2273 τῇ
1085 2192 1183 2273 βουλῇ
1210 2190 1357 2269 ἐγίγνοντο
1380 2191 1435 2275 (de

262 2303 389 2390 Seiano)
426 2307 478 2388 57,
502 2306 554 2388 21,
577 2308 607 2387 3,
636 2305 695 2369 ubi
726 2306 765 2369 de
789 2305 969 2371 laudatoria
992 2307 1136 2371 oratione
1159 2325 1338 2371 sermonem
1363 2324 1435 2371 esee

262 2426 398 2504 apparet.

305 2531 517 2598 Transeamus
552 2534 591 2598 ad
626 2552 663 2598 ea
697 2532 794 2597 verba
830 2551 913 2617 quae
946 2532 1173 2618 forensia,
1201 2534 1265 2597 dioi
1289 2539 1436 2617 possunt,

263 2646 319 2710 ubi
350 2649 542 2732 praepositio
566 2645 649 2727 παρα
679 2647 870 2711 iudioiu
884 2666 914 2709 m
950 2646 1080 2729 indicat,
1102 2649 1149 2712 ita
1171 2653 1208 2711 ut
1230 2647 1312 2711 verti
1334 2649 1435 2731 possit

262 2762 330 2824 sive
353 2780 459 2825 ooram
483 2760 592 2844 aliquo
616 2762 685 2825 sive
708 2760 838 2823 arbitrio
859 2759 911 2824 vel
933 2759 1055 2823 iudicio
1080 2760 1235 2825 alicuius:

217 2915 219 2922 ·
308 2873 359 2957 64,
383 2876 411 2957 2,
436 2876 472 2938 3:
498 2871 552 2946 τὴν
577 2872 661 2946 δι’κκν
686 2871 786 2950 λέγειν
811 2895 844 2936 τ.
871 2896 928 2936 τινι

207 2985 209 2989 ’
308 2989 359 3070 52,
384 2988 412 3071 7,
437 2990 472 3051 5;
499 2987 583 3060 δι’κκν
607 2985 734 3068 φεύγειν
760 3010 794 3051 τ.
820 2987 990 3061 δικασταῖς.

307 3103 359 3184 56,
383 3105 434 3185 24,
459 3103 495 3166 7:
522 3101 728 3177 ἐλαττωθῆναι
755 3125 788 3165 ιτ.
814 3102 984 3176 δικασταῖς.

308 3217 359 3299 56,
383 3218 435 3300 24,
460 3218 496 3280 7:
523 3216 694 3289 δικασθῆναι
721 3239 755 3279 τ.
782 3239 850 3289 τινι,
875 3217 913 3280 cf.
937 3219 990 3298 42,
1014 3218 1066 3298 34,
1091 3218 1129 3295 33

308 3330 361 3408 69,
395 3332 424 3412 3,
459 3331 495 3395 d:
533 3328 656 3408 μέλλων
686 3352 718 3392 ιτ.
745 3329 920 3409 αὐτῷ....
945 3327 1134 3393 δικοθσασθαι.
1160 3330 1212 3412 38,
1237 3331 1288 3412 13,
1312 3332 1349 3392 2:
1374 3326 1435 3409 κρῖ-

262 3444 360 3508 νεσθαι
386 3467 419 3507 ιτ.
446 3467 513 3517 τινι,
539 3443 576 3507 uf.
600 3444 652 3526 60,
676 3445 729 3525 29,
751 3445 789 3523 4;
816 3442 868 3525 74,
892 3445 921 3525 9,
947 3444 983 3524 13

309 3559 359 3640 7l,
383 3559 434 3641 24,
460 3560 497 3621 3:
523 3555 771 3634 δικαιολογεῖσθαι
797 3555 867 3636 πρός
891 3579 959 3619 τινα
985 3579 1019 3620 τ.
1045 3580 1102 3620 τινι

307 3674 358 3754 37,
383 3672 435 3753 27,
459 3673 496 3735 3:
520 3667 633 3733 οῖλῖιναι
659 3692 694 3732 τ.
719 3668 869 3748 τῷδήμῳ

306 3786 472 3850 Postremo
505 3785 575 3848 loco
608 3784 758 3848 addimus
795 3784 845 3866 76,
872 3784 900 3866 7,
926 3785 945 3847 3
978 3783 1035 3848 ubi
1058 3785 1119 3848 tria
1142 3789 1317 3847 ooeurrunt
1339 3784 1437 3867 parti·

262 3902 361 3985 cipia:
398 3898 468 3972 τοὺς
502 3898 557 3976 μὲν
592 3895 849 3978 κατηγορηθέντας
885 3921 918 3960 π.
954 3898 1035 3978 αὐτῷ
1066 3896 1118 3962 καῖ
1150 3895 1437 3975 οῖντολογκσαμένονς

265 4013 317 4078 καῖ
340 4012 481 4086 οὶλθντας.

306 4127 454 4212 [Unoinis
489 4129 651 4193 inclusum
688 4128 859 4192 laudamus
894 4127 931 4191 fr.
969 4128 1020 4209 57,
1055 4127 1107 4209 86,
1138 4129 1214 4211 quia
1244 4127 1435 4190 lacunosum

262 4243 412 4306 traditum
438 4249 502 4321 σοι,
528 4241 704 4322 Bokkerus,
727 4241 882 4325 probante
905 4260 934 4304 v.
958 4241 996 4304 ol.
1020 4239 1208 4305 Boissevain
1233 4241 1267 4303 in
1288 4241 1437 4313 editione,

260 4355 306 4419 ita
339 4355 488 4419 lacunam
521 4356 691 4440 supplevit,
714 4355 838 4419 collatis
864 4354 969 4419 verbis
993 4353 1136 4418 Zonaras
1159 4354 1204 4438 (9,
1230 4357 1282 4437 14,
1310 4353 1381 4437 l3):
1407 4353 1437 4426 ἐς

262 4467 343 4541 δίκην
366 4467 456 4550 ταρῖο
472 4476 533 4542 τοῖς
556 4468 671 4542 οἰκείοις
694 4468 785 4548 ἤχθη,
806 4487 890 4553 quae
913 4467 1009 4532 verba
1030 4487 1094 4531 non
1116 4469 1201 4532 idem
1222 4469 1330 4532 valent
1350 4467 1436 4551 quod
