<?xml version="1.0" encoding="UTF-8"?>
<!DOCTYPE html PUBLIC "-//W3C//DTD XHTML 1.0 Transitional//EN"
    "http://www.w3.org/TR/xhtml1/DTD/xhtml1-transitional.dtd">
<html xmlns="http://www.w3.org/1999/xhtml" xml:lang="en" lang="en">
 <head>
  <title>
</title>
<meta http-equiv="Content-Type" content="text/html;charset=utf-8" />
  <meta name='ocr-system' content='tesseract 3.04.00' />
  <meta name='ocr-capabilities' content='ocr_page ocr_carea ocr_par ocr_line ocrx_word'/>
</head>
<body>
  <div class='ocr_page' id='page_1' title='image "./depraepositioni00nawigoog_0122.png"; bbox 0 0 3378 5212; ppageno 0'>
   <div class='ocr_carea' id='block_1_1' title="bbox 814 540 974 604">
    <p class='ocr_par' dir='ltr' id='par_1_1' title="bbox 814 540 974 604">
     <span class='ocr_line' id='line_1_1' title="bbox 814 540 974 604; baseline 0.013 -2"><span class='ocrx_word' id='word_1_1' title='bbox 814 540 877 604; x_wconf 84' lang='lat'>113</span> <span class='ocrx_word' id='word_1_2' title='bbox 972 548 974 554; x_wconf 89' lang='lat'>&#39;</span> 
     </span>
    </p>
   </div>
   <div class='ocr_carea' id='block_1_2' title="bbox 259 723 1432 1146">
    <p class='ocr_par' dir='ltr' id='par_1_2' title="bbox 259 723 1430 921">
     <span class='ocr_line' id='line_1_2' title="bbox 304 723 1430 807; baseline -0.004 -17"><span class='ocrx_word' id='word_1_3' title='bbox 304 724 490 806; x_wconf 78' lang='grc' dir='ltr'><strong><em>φρονροίι</em></strong></span> <span class='ocrx_word' id='word_1_4' title='bbox 528 725 580 807; x_wconf 85' lang='grc'>42,</span> <span class='ocrx_word' id='word_1_5' title='bbox 617 726 671 807; x_wconf 86' lang='grc'>33,</span> <span class='ocrx_word' id='word_1_6' title='bbox 709 726 743 788; x_wconf 87' lang='grc'>1;</span> <span class='ocrx_word' id='word_1_7' title='bbox 780 723 834 795; x_wconf 67' lang='grc' dir='ltr'>τὴν</span> <span class='ocrx_word' id='word_1_8' title='bbox 869 723 981 802; x_wconf 70' lang='grc' dir='ltr'><strong><em>βουλὴν</em></strong></span> <span class='ocrx_word' id='word_1_9' title='bbox 1015 732 1052 803; x_wconf 71' lang='grc' dir='ltr'>τῇ</span> <span class='ocrx_word' id='word_1_10' title='bbox 1081 723 1151 803; x_wconf 92' lang='grc' dir='ltr'><strong><em>παρ’</em></strong></span> <span class='ocrx_word' id='word_1_11' title='bbox 1176 723 1274 786; x_wconf 81' lang='grc' dir='ltr'><strong><em>αὐτῶν</em></strong></span> <span class='ocrx_word' id='word_1_12' title='bbox 1298 726 1351 802; x_wconf 83' lang='lat' dir='ltr'>(sc.</span> <span class='ocrx_word' id='word_1_13' title='bbox 1374 726 1430 786; x_wconf 78' lang='grc' dir='ltr'>τῶν</span> 
     </span>
     <span class='ocr_line' id='line_1_3' title="bbox 259 838 887 921; baseline -0.006 -18"><span class='ocrx_word' id='word_1_14' title='bbox 259 843 457 920; x_wconf 82' lang='grc' dir='ltr'><strong><em>στρατιωτῶν)</em></strong></span> <span class='ocrx_word' id='word_1_15' title='bbox 482 844 595 921; x_wconf 76' lang='grc' dir='ltr'><strong><em>Φρουρρῖ</em></strong></span> <span class='ocrx_word' id='word_1_16' title='bbox 619 838 799 915; x_wconf 74' lang='grc' dir='ltr'><strong><em>συναγαγὼν</em></strong></span> <span class='ocrx_word' id='word_1_17' title='bbox 813 889 819 902; x_wconf 95' lang='grc'>.</span> <span class='ocrx_word' id='word_1_18' title='bbox 834 887 842 902; x_wconf 90' lang='grc'><strong>.</strong></span> <span class='ocrx_word' id='word_1_19' title='bbox 858 886 887 901; x_wconf 94' lang='grc'>..</span> 
     </span>
    </p>

    <p class='ocr_par' dir='ltr' id='par_1_3' title="bbox 259 949 1432 1146">
     <span class='ocr_line' id='line_1_4' title="bbox 304 949 1432 1036; baseline -0.004 -20"><span class='ocrx_word' id='word_1_20' title='bbox 304 953 358 1036; x_wconf 98' lang='grc'>46,</span> <span class='ocrx_word' id='word_1_21' title='bbox 387 953 442 1036; x_wconf 81' lang='grc'>47,</span> <span class='ocrx_word' id='word_1_22' title='bbox 477 954 512 1016; x_wconf 86' lang='grc'>1;</span> <span class='ocrx_word' id='word_1_23' title='bbox 545 949 614 1014; x_wconf 82' lang='grc' dir='ltr'><strong><em>οίυευ</em></strong></span> <span class='ocrx_word' id='word_1_24' title='bbox 645 957 700 1024; x_wconf 76' lang='grc' dir='ltr'>τῆς</span> <span class='ocrx_word' id='word_1_25' title='bbox 725 951 796 1031; x_wconf 88' lang='grc' dir='ltr'><strong><em>παρ’</em></strong></span> <span class='ocrx_word' id='word_1_26' title='bbox 821 952 919 1016; x_wconf 83' lang='grc' dir='ltr'><strong><em>αὐτῶν</em></strong></span> <span class='ocrx_word' id='word_1_27' title='bbox 944 953 1074 1032; x_wconf 70' lang='grc' dir='ltr'><strong><em>Φρουροῖς</em></strong></span> <span class='ocrx_word' id='word_1_28' title='bbox 1098 950 1163 1013; x_wconf 79' lang='grc' dir='ltr'><strong><em>οὐδὲ</em></strong></span> <span class='ocrx_word' id='word_1_29' title='bbox 1189 951 1218 1022; x_wconf 88' lang='grc' dir='ltr'>ἐς</span> <span class='ocrx_word' id='word_1_30' title='bbox 1243 949 1277 1013; x_wconf 79' lang='grc' dir='ltr'>τὸ</span> <span class='ocrx_word' id='word_1_31' title='bbox 1304 950 1432 1028; x_wconf 79' lang='grc' dir='ltr'><strong><em>βουλευ-</em></strong></span> 
     </span>
     <span class='ocr_line' id='line_1_5' title="bbox 259 1064 674 1146; baseline -0.002 -17"><span class='ocrx_word' id='word_1_32' title='bbox 259 1066 354 1146; x_wconf 75' lang='grc' dir='ltr'><strong><em>τήριον</em></strong></span> <span class='ocrx_word' id='word_1_33' title='bbox 378 1066 521 1146; x_wconf 76' lang='grc' dir='ltr'><strong><em>ἐσφοιτῖιυ</em></strong></span> <span class='ocrx_word' id='word_1_34' title='bbox 545 1064 674 1143; x_wconf 84' lang='grc' dir='ltr'><strong><em>ἐτίλμα.</em></strong></span> 
     </span>
    </p>
   </div>
   <div class='ocr_carea' id='block_1_3' title="bbox 304 1177 1431 1263">
    <p class='ocr_par' dir='ltr' id='par_1_4' title="bbox 304 1177 1431 1263">
     <span class='ocr_line' id='line_1_6' title="bbox 304 1177 1431 1263; baseline -0.004 -20"><span class='ocrx_word' id='word_1_35' title='bbox 304 1178 506 1261; x_wconf 73' lang='grc' dir='ltr'><strong><em>Φυλακνίε</em></strong></span> <span class='ocrx_word' id='word_1_36' title='bbox 543 1179 596 1263; x_wconf 91' lang='grc'>46,</span> <span class='ocrx_word' id='word_1_37' title='bbox 633 1180 686 1262; x_wconf 85' lang='grc'>26,</span> <span class='ocrx_word' id='word_1_38' title='bbox 724 1181 760 1242; x_wconf 77' lang='lat'>7:</span> <span class='ocrx_word' id='word_1_39' title='bbox 796 1177 849 1250; x_wconf 69' lang='lat' dir='ltr'>riu</span> <span class='ocrx_word' id='word_1_40' title='bbox 881 1177 965 1258; x_wconf 75' lang='grc' dir='ltr'><strong><em>παρὰ</em></strong></span> <span class='ocrx_word' id='word_1_41' title='bbox 996 1183 1053 1241; x_wconf 81' lang='grc' dir='ltr'>τῶν</span> <span class='ocrx_word' id='word_1_42' title='bbox 1077 1182 1263 1258; x_wconf 72' lang='grc' dir='ltr'><strong><em>στρατιωτῶν</em></strong></span> <span class='ocrx_word' id='word_1_43' title='bbox 1288 1178 1431 1258; x_wconf 70' lang='grc' dir='ltr'><strong><em>φυλακὴν</em></strong></span> 
     </span>
    </p>
   </div>
   <div class='ocr_carea' id='block_1_4' title="bbox 258 1291 1434 2626">
    <p class='ocr_par' dir='ltr' id='par_1_5' title="bbox 258 1291 482 1370">
     <span class='ocr_line' id='line_1_7' title="bbox 258 1291 482 1370; baseline 0.004 -14"><span class='ocrx_word' id='word_1_44' title='bbox 258 1291 393 1370; x_wconf 81' lang='grc' dir='ltr'><strong><em>ἐλοίβετε</em></strong></span> <span class='ocrx_word' id='word_1_45' title='bbox 407 1343 414 1357; x_wconf 94' lang='grc'><strong>.</strong></span> <span class='ocrx_word' id='word_1_46' title='bbox 430 1342 437 1356; x_wconf 93' lang='grc'><strong>.</strong></span> <span class='ocrx_word' id='word_1_47' title='bbox 453 1340 482 1357; x_wconf 94' lang='grc'>..</span> 
     </span>
    </p>

    <p class='ocr_par' dir='ltr' id='par_1_6' title="bbox 259 1405 1433 2172">
     <span class='ocr_line' id='line_1_8' title="bbox 302 1405 1430 1490; baseline -0.001 -20"><span class='ocrx_word' id='word_1_48' title='bbox 302 1407 417 1471; x_wconf 82' lang='lat' dir='ltr'>Tribus</span> <span class='ocrx_word' id='word_1_49' title='bbox 440 1408 528 1472; x_wconf 90' lang='lat' dir='ltr'>hisce</span> <span class='ocrx_word' id='word_1_50' title='bbox 552 1407 631 1471; x_wconf 89' lang='lat' dir='ltr'>locis</span> <span class='ocrx_word' id='word_1_51' title='bbox 657 1406 874 1490; x_wconf 78' lang='lat' dir='ltr'>praesidi</span> <span class='ocrx_word' id='word_1_52' title='bbox 889 1427 911 1470; x_wconf 91' lang='lat' dir='ltr'>u</span> <span class='ocrx_word' id='word_1_53' title='bbox 925 1427 955 1470; x_wconf 92' lang='lat' dir='ltr'>m</span> <span class='ocrx_word' id='word_1_54' title='bbox 987 1409 1167 1490; x_wconf 83' lang='lat' dir='ltr'>respicitur,</span> <span class='ocrx_word' id='word_1_55' title='bbox 1192 1405 1278 1490; x_wconf 93' lang='lat' dir='ltr'>quod</span> <span class='ocrx_word' id='word_1_56' title='bbox 1303 1405 1430 1470; x_wconf 90' lang='lat' dir='ltr'>cuidam</span> 
     </span>
     <span class='ocr_line' id='line_1_9' title="bbox 259 1517 1432 1604; baseline 0 -21"><span class='ocrx_word' id='word_1_57' title='bbox 259 1519 298 1583; x_wconf 89' lang='lat' dir='ltr'>ab</span> <span class='ocrx_word' id='word_1_58' title='bbox 324 1521 432 1604; x_wconf 89' lang='lat' dir='ltr'>aliquo</span> <span class='ocrx_word' id='word_1_59' title='bbox 456 1520 687 1604; x_wconf 75' lang='lat' dir='ltr'>suppeditatur,</span> <span class='ocrx_word' id='word_1_60' title='bbox 710 1518 763 1583; x_wconf 86' lang='lat' dir='ltr'>Sic</span> <span class='ocrx_word' id='word_1_61' title='bbox 784 1519 965 1602; x_wconf 77' lang='lat' dir='ltr'>explicatur</span> <span class='ocrx_word' id='word_1_62' title='bbox 983 1520 1227 1603; x_wconf 82' lang='lat' dir='ltr'>praepositionis</span> <span class='ocrx_word' id='word_1_63' title='bbox 1249 1517 1331 1598; x_wconf 78' lang='grc' dir='ltr'><strong><em>παρα</em></strong></span> <span class='ocrx_word' id='word_1_64' title='bbox 1353 1539 1432 1583; x_wconf 90' lang='lat' dir='ltr'>usus</span> 
     </span>
     <span class='ocr_line' id='line_1_10' title="bbox 260 1630 1430 1716; baseline 0 -20"><span class='ocrx_word' id='word_1_65' title='bbox 260 1641 297 1712; x_wconf 73' lang='grc' dir='ltr'>τῇ</span> <span class='ocrx_word' id='word_1_66' title='bbox 324 1633 396 1712; x_wconf 79' lang='grc' dir='ltr'><strong><em>παρ’</em></strong></span> <span class='ocrx_word' id='word_1_67' title='bbox 421 1634 519 1696; x_wconf 81' lang='grc' dir='ltr'><strong><em>αὐτῶν</em></strong></span> <span class='ocrx_word' id='word_1_68' title='bbox 546 1630 706 1716; x_wconf 62' lang='grc' dir='ltr'><strong><em>(γενομένῃ</em></strong></span> <span class='ocrx_word' id='word_1_69' title='bbox 729 1633 777 1696; x_wconf 86' lang='lat' dir='ltr'>vel</span> <span class='ocrx_word' id='word_1_70' title='bbox 803 1631 935 1716; x_wconf 74' lang='grc' dir='ltr'><strong><em>δοίείσρ)</em></strong></span> <span class='ocrx_word' id='word_1_71' title='bbox 963 1636 1075 1715; x_wconf 79' lang='grc' dir='ltr'><strong><em>Φρουρρῖ</em></strong></span> <span class='ocrx_word' id='word_1_72' title='bbox 1098 1635 1167 1696; x_wconf 86' lang='lat' dir='ltr'>sive</span> <span class='ocrx_word' id='word_1_73' title='bbox 1188 1633 1430 1713; x_wconf 63' lang='grc' dir='ltr'><strong><em>ΦυλακῇᾸάθω]</em></strong></span> 
     </span>
     <span class='ocr_line' id='line_1_11' title="bbox 260 1745 1433 1832; baseline -0.003 -21"><span class='ocrx_word' id='word_1_74' title='bbox 260 1747 419 1832; x_wconf 86' lang='lat' dir='ltr'>significat</span> <span class='ocrx_word' id='word_1_75' title='bbox 442 1747 508 1810; x_wconf 92' lang='lat' dir='ltr'>fere</span> <span class='ocrx_word' id='word_1_76' title='bbox 531 1745 675 1810; x_wconf 87' lang='lat' dir='ltr'>adhibita</span> <span class='ocrx_word' id='word_1_77' title='bbox 697 1751 795 1829; x_wconf 90' lang='lat' dir='ltr'>atque</span> <span class='ocrx_word' id='word_1_78' title='bbox 818 1747 937 1810; x_wconf 90' lang='lat' dir='ltr'>omissa</span> <span class='ocrx_word' id='word_1_79' title='bbox 959 1747 1195 1830; x_wconf 88' lang='lat' dir='ltr'>praepositione</span> <span class='ocrx_word' id='word_1_80' title='bbox 1214 1747 1292 1810; x_wconf 90' lang='lat' dir='ltr'>haec</span> <span class='ocrx_word' id='word_1_81' title='bbox 1304 1746 1433 1827; x_wconf 90' lang='lat' dir='ltr'>locutio,</span> 
     </span>
     <span class='ocr_line' id='line_1_12' title="bbox 260 1859 1433 1944; baseline 0.001 -21"><span class='ocrx_word' id='word_1_82' title='bbox 260 1880 456 1944; x_wconf 90' lang='lat' dir='ltr'>quamquam</span> <span class='ocrx_word' id='word_1_83' title='bbox 500 1879 577 1924; x_wconf 86' lang='lat' dir='ltr'>sane</span> <span class='ocrx_word' id='word_1_84' title='bbox 615 1860 761 1924; x_wconf 90' lang='lat' dir='ltr'>addenda</span> <span class='ocrx_word' id='word_1_85' title='bbox 795 1861 1032 1944; x_wconf 89' lang='lat' dir='ltr'>praepositione</span> <span class='ocrx_word' id='word_1_86' title='bbox 1068 1859 1153 1939; x_wconf 77' lang='grc' dir='ltr'><strong><em>παρα</em></strong></span> <span class='ocrx_word' id='word_1_87' title='bbox 1190 1862 1292 1944; x_wconf 86' lang='lat' dir='ltr'>magis</span> <span class='ocrx_word' id='word_1_88' title='bbox 1328 1860 1433 1924; x_wconf 80' lang='lat' dir='ltr'>elucet</span> 
     </span>
     <span class='ocr_line' id='line_1_13' title="bbox 259 1951 1433 2058; baseline -0.002 -20"><span class='ocrx_word' id='word_1_89' title='bbox 259 1976 387 2058; x_wconf 87' lang='lat' dir='ltr'>propria</span> <span class='ocrx_word' id='word_1_90' title='bbox 421 1976 469 2038; x_wconf 91' lang='lat' dir='ltr'>vis</span> <span class='ocrx_word' id='word_1_91' title='bbox 503 1951 686 2056; x_wconf 85' lang='lat' dir='ltr'>locutionis,</span> <span class='ocrx_word' id='word_1_92' title='bbox 721 1993 836 2057; x_wconf 90' lang='lat' dir='ltr'>nempe</span> <span class='ocrx_word' id='word_1_93' title='bbox 866 1974 1062 2058; x_wconf 91' lang='lat' dir='ltr'>praesidium</span> <span class='ocrx_word' id='word_1_94' title='bbox 1086 1973 1265 2058; x_wconf 87' lang='lat' dir='ltr'>aquodam</span> <span class='ocrx_word' id='word_1_95' title='bbox 1291 1972 1433 2057; x_wconf 92' lang='lat' dir='ltr'>proficis·</span> 
     </span>
     <span class='ocr_line' id='line_1_14' title="bbox 260 2087 1042 2172; baseline -0.001 -22"><span class='ocrx_word' id='word_1_96' title='bbox 260 2107 336 2152; x_wconf 91' lang='lat' dir='ltr'>cens</span> <span class='ocrx_word' id='word_1_97' title='bbox 359 2087 399 2151; x_wconf 89' lang='lat' dir='ltr'>ad</span> <span class='ocrx_word' id='word_1_98' title='bbox 423 2088 532 2152; x_wconf 91' lang='lat' dir='ltr'>alium.</span> <span class='ocrx_word' id='word_1_99' title='bbox 1040 2167 1042 2172; x_wconf 23' lang='grc' dir='ltr'>Ι</span> 
     </span>
    </p>

    <p class='ocr_par' dir='ltr' id='par_1_7' title="bbox 260 2196 1434 2626">
     <span class='ocr_line' id='line_1_15' title="bbox 303 2196 1431 2282; baseline 0 -20"><span class='ocrx_word' id='word_1_100' title='bbox 303 2197 495 2271; x_wconf 75' lang='grc' dir='ltr'><strong><em>σπουδέι</em></strong></span> <span class='ocrx_word' id='word_1_101' title='bbox 533 2200 587 2281; x_wconf 90' lang='grc'>61,</span> <span class='ocrx_word' id='word_1_102' title='bbox 622 2200 653 2282; x_wconf 87' lang='grc'>6,</span> <span class='ocrx_word' id='word_1_103' title='bbox 690 2201 726 2262; x_wconf 82' lang='lat'>2:</span> <span class='ocrx_word' id='word_1_104' title='bbox 764 2196 962 2279; x_wconf 77' lang='grc' dir='ltr'>ἐπαιρομένων</span> <span class='ocrx_word' id='word_1_105' title='bbox 997 2203 1054 2261; x_wconf 78' lang='grc' dir='ltr'>τῶν</span> <span class='ocrx_word' id='word_1_106' title='bbox 1079 2198 1275 2281; x_wconf 76' lang='grc' dir='ltr'><strong><em>ἱπποτρόφων</em></strong></span> <span class='ocrx_word' id='word_1_107' title='bbox 1297 2207 1334 2280; x_wconf 72' lang='grc' dir='ltr'>τῇ</span> <span class='ocrx_word' id='word_1_108' title='bbox 1360 2200 1431 2280; x_wconf 86' lang='grc' dir='ltr'><strong><em>παρ’</em></strong></span> 
     </span>
     <span class='ocr_line' id='line_1_16' title="bbox 261 2312 1434 2398; baseline 0 -20"><span class='ocrx_word' id='word_1_109' title='bbox 261 2315 353 2378; x_wconf 82' lang='grc' dir='ltr'><strong><em>αὐτοῦ</em></strong></span> <span class='ocrx_word' id='word_1_110' title='bbox 391 2313 448 2396; x_wconf 90' lang='lat' dir='ltr'>(sc.</span> <span class='ocrx_word' id='word_1_111' title='bbox 478 2312 631 2396; x_wconf 85' lang='lat' dir='ltr'>Neronis)</span> <span class='ocrx_word' id='word_1_112' title='bbox 668 2313 793 2393; x_wconf 72' lang='grc' dir='ltr'><strong><em>σπουδῇ,</em></strong></span> <span class='ocrx_word' id='word_1_113' title='bbox 829 2313 868 2377; x_wconf 91' lang='lat' dir='ltr'>de</span> <span class='ocrx_word' id='word_1_114' title='bbox 895 2332 960 2397; x_wconf 90' lang='lat' dir='ltr'>quo</span> <span class='ocrx_word' id='word_1_115' title='bbox 983 2314 1092 2378; x_wconf 87' lang='lat' dir='ltr'>studio</span> <span class='ocrx_word' id='word_1_116' title='bbox 1117 2315 1136 2396; x_wconf 64' lang='grc' dir='ltr'><strong>ἕ</strong></span> <span class='ocrx_word' id='word_1_117' title='bbox 1163 2316 1198 2376; x_wconf 79' lang='lat' dir='ltr'>1a</span> <span class='ocrx_word' id='word_1_118' title='bbox 1222 2315 1333 2398; x_wconf 91' lang='lat' dir='ltr'>capitis</span> <span class='ocrx_word' id='word_1_119' title='bbox 1357 2314 1434 2390; x_wconf 80' lang='lat' dir='ltr'>dicit</span> 
     </span>
     <span class='ocr_line' id='line_1_17' title="bbox 260 2424 1433 2508; baseline -0.001 -17"><span class='ocrx_word' id='word_1_120' title='bbox 260 2427 338 2491; x_wconf 84' lang='lat' dir='ltr'>Dio:</span> <span class='ocrx_word' id='word_1_121' title='bbox 371 2426 437 2507; x_wconf 77' lang='grc' dir='ltr'><strong><em>περὶ</em></strong></span> <span class='ocrx_word' id='word_1_122' title='bbox 473 2425 530 2499; x_wconf 70' lang='grc' dir='ltr'><strong><em>τοὶς</em></strong></span> <span class='ocrx_word' id='word_1_123' title='bbox 563 2424 765 2505; x_wconf 78' lang='grc' dir='ltr'>ἱπποδρομίας</span> <span class='ocrx_word' id='word_1_124' title='bbox 800 2424 933 2504; x_wconf 78' lang='grc' dir='ltr'><strong><em>τοσαύτρι</em></strong></span> <span class='ocrx_word' id='word_1_125' title='bbox 971 2427 1085 2508; x_wconf 70' lang='grc' dir='ltr'><strong><em>σπουδῇ</em></strong></span> <span class='ocrx_word' id='word_1_126' title='bbox 1117 2426 1130 2490; x_wconf 82' lang='grc' dir='ltr'>ὁ</span> <span class='ocrx_word' id='word_1_127' title='bbox 1162 2426 1261 2507; x_wconf 81' lang='grc' dir='ltr'><strong><em>Νέρων</em></strong></span> <span class='ocrx_word' id='word_1_128' title='bbox 1285 2426 1433 2507; x_wconf 73' lang='grc' dir='ltr'><strong><em>ἐκέχρητο</em></strong></span> 
     </span>
     <span class='ocr_line' id='line_1_18' title="bbox 261 2537 1433 2626; baseline 0.002 -23"><span class='ocrx_word' id='word_1_129' title='bbox 261 2537 335 2604; x_wconf 75' lang='grc' dir='ltr'><strong><em>ὥστε</em></strong></span> <span class='ocrx_word' id='word_1_130' title='bbox 367 2564 396 2604; x_wconf 83' lang='grc' dir='ltr'>κ.</span> <span class='ocrx_word' id='word_1_131' title='bbox 410 2564 439 2603; x_wconf 95' lang='grc' dir='ltr'>τ.</span> <span class='ocrx_word' id='word_1_132' title='bbox 453 2541 476 2604; x_wconf 80' lang='grc' dir='ltr'>ἓ.</span> <span class='ocrx_word' id='word_1_133' title='bbox 500 2541 617 2605; x_wconf 90' lang='lat' dir='ltr'>Nostro</span> <span class='ocrx_word' id='word_1_134' title='bbox 642 2543 711 2605; x_wconf 91' lang='lat' dir='ltr'>loco</span> <span class='ocrx_word' id='word_1_135' title='bbox 735 2543 927 2624; x_wconf 88' lang='lat' dir='ltr'>praepositio</span> <span class='ocrx_word' id='word_1_136' title='bbox 953 2540 1034 2620; x_wconf 76' lang='grc' dir='ltr'><strong><em>παρα</em></strong></span> <span class='ocrx_word' id='word_1_137' title='bbox 1058 2543 1091 2604; x_wconf 92' lang='lat' dir='ltr'>ni</span> <span class='ocrx_word' id='word_1_138' title='bbox 1115 2542 1208 2605; x_wconf 89' lang='lat' dir='ltr'>fallor</span> <span class='ocrx_word' id='word_1_139' title='bbox 1232 2541 1297 2606; x_wconf 85' lang='lat' dir='ltr'>fere</span> <span class='ocrx_word' id='word_1_140' title='bbox 1322 2562 1433 2626; x_wconf 90' lang='lat' dir='ltr'>super-</span> 
     </span>
    </p>
   </div>
   <div class='ocr_carea' id='block_1_5' title="bbox 150 2655 1433 2739">
    <p class='ocr_par' dir='ltr' id='par_1_8' title="bbox 150 2655 1433 2739">
     <span class='ocr_line' id='line_1_19' title="bbox 150 2655 1433 2739; baseline 0.002 -24"><span class='ocrx_word' id='word_1_141' title='bbox 150 2727 152 2730; x_wconf 33' lang='grc'>,</span> <span class='ocrx_word' id='word_1_142' title='bbox 261 2674 400 2719; x_wconf 85' lang='lat' dir='ltr'>vacanea</span> <span class='ocrx_word' id='word_1_143' title='bbox 436 2656 498 2719; x_wconf 91' lang='lat' dir='ltr'>dici</span> <span class='ocrx_word' id='word_1_144' title='bbox 521 2661 632 2739; x_wconf 89' lang='lat' dir='ltr'>potest,</span> <span class='ocrx_word' id='word_1_145' title='bbox 656 2674 716 2728; x_wconf 81' lang='lat' dir='ltr'>nec</span> <span class='ocrx_word' id='word_1_146' title='bbox 739 2661 846 2719; x_wconf 87' lang='lat' dir='ltr'>tamen</span> <span class='ocrx_word' id='word_1_147' title='bbox 868 2675 1000 2739; x_wconf 92' lang='lat' dir='ltr'>prorsus</span> <span class='ocrx_word' id='word_1_148' title='bbox 1024 2655 1108 2720; x_wconf 90' lang='lat' dir='ltr'>idem</span> <span class='ocrx_word' id='word_1_149' title='bbox 1133 2655 1292 2739; x_wconf 87' lang='lat' dir='ltr'>significat</span> <span class='ocrx_word' id='word_1_150' title='bbox 1315 2657 1433 2720; x_wconf 91' lang='lat' dir='ltr'>locutio</span> 
     </span>
    </p>
   </div>
   <div class='ocr_carea' id='block_1_6' title="bbox 260 2768 1438 4561">
    <p class='ocr_par' dir='ltr' id='par_1_9' title="bbox 260 2768 1436 3196">
     <span class='ocr_line' id='line_1_20' title="bbox 260 2768 1435 2853; baseline 0.004 -23"><span class='ocrx_word' id='word_1_151' title='bbox 260 2776 298 2848; x_wconf 71' lang='grc' dir='ltr'>τῇ</span> <span class='ocrx_word' id='word_1_152' title='bbox 322 2768 433 2850; x_wconf 73' lang='grc' dir='ltr'><strong><em>σπονδῇ</em></strong></span> <span class='ocrx_word' id='word_1_153' title='bbox 458 2769 561 2832; x_wconf 80' lang='grc' dir='ltr'><strong><em>αὐτοῦ.</em></strong></span> <span class='ocrx_word' id='word_1_154' title='bbox 587 2769 714 2834; x_wconf 82' lang='lat' dir='ltr'>Etenim</span> <span class='ocrx_word' id='word_1_155' title='bbox 737 2774 869 2852; x_wconf 88' lang='lat' dir='ltr'>propter</span> <span class='ocrx_word' id='word_1_156' title='bbox 893 2771 952 2833; x_wconf 91' lang='lat' dir='ltr'>hoc</span> <span class='ocrx_word' id='word_1_157' title='bbox 976 2769 1119 2834; x_wconf 88' lang='lat' dir='ltr'>studium</span> <span class='ocrx_word' id='word_1_158' title='bbox 1145 2770 1232 2853; x_wconf 90' lang='lat' dir='ltr'>quod</span> <span class='ocrx_word' id='word_1_159' title='bbox 1253 2771 1286 2832; x_wconf 94' lang='lat' dir='ltr'>in</span> <span class='ocrx_word' id='word_1_160' title='bbox 1307 2769 1435 2836; x_wconf 88' lang='lat' dir='ltr'>Nerone</span> 
     </span>
     <span class='ocr_line' id='line_1_21' title="bbox 261 2882 1436 2968; baseline 0.006 -27"><span class='ocrx_word' id='word_1_161' title='bbox 261 2882 413 2948; x_wconf 88' lang='lat' dir='ltr'>videbant</span> <span class='ocrx_word' id='word_1_162' title='bbox 435 2883 572 2968; x_wconf 91' lang='lat' dir='ltr'>superbe</span> <span class='ocrx_word' id='word_1_163' title='bbox 596 2882 810 2948; x_wconf 88' lang='lat' dir='ltr'>efferebantur</span> <span class='ocrx_word' id='word_1_164' title='bbox 833 2885 856 2947; x_wconf 94' lang='lat' dir='ltr'>ii</span> <span class='ocrx_word' id='word_1_165' title='bbox 881 2885 938 2968; x_wconf 91' lang='lat' dir='ltr'>qui</span> <span class='ocrx_word' id='word_1_166' title='bbox 961 2902 1062 2967; x_wconf 88' lang='lat' dir='ltr'>equos</span> <span class='ocrx_word' id='word_1_167' title='bbox 1084 2883 1211 2948; x_wconf 86' lang='lat' dir='ltr'>alebant</span> <span class='ocrx_word' id='word_1_168' title='bbox 1234 2889 1332 2968; x_wconf 87' lang='lat' dir='ltr'>atque</span> <span class='ocrx_word' id='word_1_169' title='bbox 1351 2886 1436 2948; x_wconf 86' lang='lat' dir='ltr'>auri-</span> 
     </span>
     <span class='ocr_line' id='line_1_22' title="bbox 260 2996 1435 3082; baseline 0.003 -22"><span class='ocrx_word' id='word_1_170' title='bbox 260 3016 335 3080; x_wconf 70' lang='lat' dir='ltr'>gae,</span> <span class='ocrx_word' id='word_1_171' title='bbox 358 2997 398 3060; x_wconf 89' lang='lat' dir='ltr'>ad</span> <span class='ocrx_word' id='word_1_172' title='bbox 424 2998 650 3081; x_wconf 87' lang='lat' dir='ltr'>explicandum</span> <span class='ocrx_word' id='word_1_173' title='bbox 677 3018 774 3062; x_wconf 91' lang='lat' dir='ltr'>usum</span> <span class='ocrx_word' id='word_1_174' title='bbox 795 2999 1040 3082; x_wconf 89' lang='lat' dir='ltr'>praepositionis</span> <span class='ocrx_word' id='word_1_175' title='bbox 1060 2996 1145 3076; x_wconf 72' lang='lat' dir='ltr'>rapat</span> <span class='ocrx_word' id='word_1_176' title='bbox 1156 2999 1216 3061; x_wconf 92' lang='lat' dir='ltr'>hac</span> <span class='ocrx_word' id='word_1_177' title='bbox 1227 3000 1261 3061; x_wconf 93' lang='lat' dir='ltr'>in</span> <span class='ocrx_word' id='word_1_178' title='bbox 1273 2999 1435 3063; x_wconf 92' lang='lat' dir='ltr'>locutione</span> 
     </span>
     <span class='ocr_line' id='line_1_23' title="bbox 261 3110 933 3196; baseline 0 -22"><span class='ocrx_word' id='word_1_179' title='bbox 261 3112 402 3195; x_wconf 89' lang='lat' dir='ltr'>suppleri</span> <span class='ocrx_word' id='word_1_180' title='bbox 425 3117 529 3195; x_wconf 91' lang='lat' dir='ltr'>potest</span> <span class='ocrx_word' id='word_1_181' title='bbox 553 3113 757 3196; x_wconf 83' lang='lat' dir='ltr'>participium</span> <span class='ocrx_word' id='word_1_182' title='bbox 781 3110 933 3192; x_wconf 76' lang='grc' dir='ltr'><strong><em>ρευσμένρ.</em></strong></span> 
     </span>
    </p>

    <p class='ocr_par' dir='ltr' id='par_1_10' title="bbox 303 3223 1303 3310">
     <span class='ocr_line' id='line_1_24' title="bbox 303 3223 1303 3310; baseline 0.001 -23"><span class='ocrx_word' id='word_1_183' title='bbox 303 3225 392 3288; x_wconf 90' lang='lat' dir='ltr'>Idem</span> <span class='ocrx_word' id='word_1_184' title='bbox 417 3224 552 3289; x_wconf 86' lang='lat' dir='ltr'>verbum</span> <span class='ocrx_word' id='word_1_185' title='bbox 576 3223 711 3302; x_wconf 77' lang='grc' dir='ltr'><strong><em>γενέσθαι</em></strong></span> <span class='ocrx_word' id='word_1_186' title='bbox 735 3226 950 3310; x_wconf 89' lang='lat' dir='ltr'>supplendum</span> <span class='ocrx_word' id='word_1_187' title='bbox 978 3231 1025 3290; x_wconf 89' lang='lat' dir='ltr'>est</span> <span class='ocrx_word' id='word_1_188' title='bbox 1049 3227 1083 3288; x_wconf 95' lang='lat' dir='ltr'>in</span> <span class='ocrx_word' id='word_1_189' title='bbox 1108 3225 1163 3309; x_wconf 88' lang='lat'>44,</span> <span class='ocrx_word' id='word_1_190' title='bbox 1186 3225 1242 3309; x_wconf 88' lang='lat'>48,</span> <span class='ocrx_word' id='word_1_191' title='bbox 1266 3227 1303 3288; x_wconf 84' lang='lat'>2:</span> 
     </span>
    </p>

    <p class='ocr_par' dir='ltr' id='par_1_11' title="bbox 260 3335 1435 3645">
     <span class='ocr_line' id='line_1_25' title="bbox 303 3335 1435 3418; baseline 0.001 -18"><span class='ocrx_word' id='word_1_192' title='bbox 303 3337 568 3403; x_wconf 75' lang='grc' dir='ltr'><strong><em>συντέλειαι</em></strong></span> <span class='ocrx_word' id='word_1_193' title='bbox 606 3335 652 3401; x_wconf 82' lang='grc' dir='ltr'>ίυα</span> <span class='ocrx_word' id='word_1_194' title='bbox 683 3343 771 3402; x_wconf 78' lang='grc' dir='ltr'><strong><em>τοῦτο</em></strong></span> <span class='ocrx_word' id='word_1_195' title='bbox 804 3339 837 3402; x_wconf 86' lang='grc' dir='ltr'>ἐκ</span> <span class='ocrx_word' id='word_1_196' title='bbox 869 3345 924 3411; x_wconf 69' lang='grc' dir='ltr'>τῆς</span> <span class='ocrx_word' id='word_1_197' title='bbox 948 3337 1033 3418; x_wconf 74' lang='grc' dir='ltr'><strong><em>παροδ</em></strong></span> <span class='ocrx_word' id='word_1_198' title='bbox 1056 3341 1112 3401; x_wconf 82' lang='grc' dir='ltr'>τῶν</span> <span class='ocrx_word' id='word_1_199' title='bbox 1135 3336 1239 3402; x_wconf 78' lang='grc' dir='ltr'><strong><em>οίλλων</em></strong></span> <span class='ocrx_word' id='word_1_200' title='bbox 1259 3335 1435 3411; x_wconf 84' lang='grc' dir='ltr'><strong><em>συντελείας</em></strong></span> 
     </span>
     <span class='ocr_line' id='line_1_26' title="bbox 260 3450 1434 3536; baseline -0.001 -21"><span class='ocrx_word' id='word_1_201' title='bbox 260 3453 525 3534; x_wconf 67' lang='grc' dir='ltr'><strong><em>ἐνταναπλαρωίρῆ.</em></strong></span> <span class='ocrx_word' id='word_1_202' title='bbox 552 3451 673 3517; x_wconf 84' lang='lat' dir='ltr'>Cellato</span> <span class='ocrx_word' id='word_1_203' title='bbox 697 3455 781 3517; x_wconf 88' lang='lat' dir='ltr'>enim</span> <span class='ocrx_word' id='word_1_204' title='bbox 808 3453 861 3536; x_wconf 86' lang='lat'>55,</span> <span class='ocrx_word' id='word_1_205' title='bbox 884 3455 935 3536; x_wconf 84' lang='lat'>12,</span> <span class='ocrx_word' id='word_1_206' title='bbox 956 3453 1137 3517; x_wconf 86' lang='lat' dir='ltr'>5videmus</span> <span class='ocrx_word' id='word_1_207' title='bbox 1150 3453 1285 3516; x_wconf 87' lang='lat' dir='ltr'>verbum</span> <span class='ocrx_word' id='word_1_208' title='bbox 1298 3450 1434 3529; x_wconf 75' lang='grc' dir='ltr'><strong><em>γενέσθαι</em></strong></span> 
     </span>
     <span class='ocr_line' id='line_1_27' title="bbox 261 3564 1433 3645; baseline -0.003 -15"><span class='ocrx_word' id='word_1_209' title='bbox 261 3568 404 3632; x_wconf 90' lang='lat' dir='ltr'>additum</span> <span class='ocrx_word' id='word_1_210' title='bbox 430 3586 518 3632; x_wconf 86' lang='lat' dir='ltr'>esse:</span> <span class='ocrx_word' id='word_1_211' title='bbox 544 3565 594 3630; x_wconf 74' lang='grc' dir='ltr'><strong><em>διοδ</em></strong></span> <span class='ocrx_word' id='word_1_212' title='bbox 617 3567 671 3638; x_wconf 76' lang='grc' dir='ltr'>τέιυ</span> <span class='ocrx_word' id='word_1_213' title='bbox 692 3565 866 3629; x_wconf 82' lang='grc' dir='ltr'><strong><em>συντέλειαν</em></strong></span> <span class='ocrx_word' id='word_1_214' title='bbox 885 3564 939 3636; x_wconf 70' lang='grc' dir='ltr'><strong><em>τὶιν</em></strong></span> <span class='ocrx_word' id='word_1_215' title='bbox 954 3564 1038 3645; x_wconf 72' lang='grc' dir='ltr'><strong><em>παροδ</em></strong></span> <span class='ocrx_word' id='word_1_216' title='bbox 1051 3570 1104 3630; x_wconf 86' lang='grc' dir='ltr'>τοῦ</span> <span class='ocrx_word' id='word_1_217' title='bbox 1118 3565 1215 3643; x_wconf 73' lang='grc' dir='ltr'><strong><em>δήμου</em></strong></span> <span class='ocrx_word' id='word_1_218' title='bbox 1228 3565 1253 3628; x_wconf 83' lang='grc' dir='ltr'>οἱ</span> <span class='ocrx_word' id='word_1_219' title='bbox 1265 3564 1433 3642; x_wconf 73' lang='grc' dir='ltr'><strong><em>γενομένην.</em></strong></span> 
     </span>
    </p>

    <p class='ocr_par' dir='ltr' id='par_1_12' title="bbox 260 3677 1435 3878">
     <span class='ocr_line' id='line_1_28' title="bbox 306 3677 1435 3764; baseline -0.004 -20"><span class='ocrx_word' id='word_1_220' title='bbox 306 3681 388 3745; x_wconf 87' lang='lat' dir='ltr'>Aliis</span> <span class='ocrx_word' id='word_1_221' title='bbox 423 3680 633 3745; x_wconf 85' lang='lat' dir='ltr'>substantivis</span> <span class='ocrx_word' id='word_1_222' title='bbox 664 3681 857 3764; x_wconf 91' lang='lat' dir='ltr'>praepositio</span> <span class='ocrx_word' id='word_1_223' title='bbox 894 3677 977 3758; x_wconf 76' lang='grc' dir='ltr'><strong><em>παρα</em></strong></span> <span class='ocrx_word' id='word_1_224' title='bbox 1011 3681 1056 3744; x_wconf 89' lang='lat' dir='ltr'>ita</span> <span class='ocrx_word' id='word_1_225' title='bbox 1091 3679 1198 3743; x_wconf 85' lang='lat' dir='ltr'>addita</span> <span class='ocrx_word' id='word_1_226' title='bbox 1231 3686 1279 3743; x_wconf 90' lang='lat' dir='ltr'>est</span> <span class='ocrx_word' id='word_1_227' title='bbox 1304 3684 1340 3742; x_wconf 93' lang='lat' dir='ltr'>ut</span> <span class='ocrx_word' id='word_1_228' title='bbox 1364 3697 1435 3762; x_wconf 90' lang='lat' dir='ltr'>par·</span> 
     </span>
     <span class='ocr_line' id='line_1_29' title="bbox 260 3773 1150 3878; baseline -0.002 -20"><span class='ocrx_word' id='word_1_229' title='bbox 260 3773 404 3878; x_wconf 88' lang='lat' dir='ltr'>ticipium</span> <span class='ocrx_word' id='word_1_230' title='bbox 430 3794 519 3858; x_wconf 91' lang='lat' dir='ltr'>verbi</span> <span class='ocrx_word' id='word_1_231' title='bbox 543 3791 678 3856; x_wconf 79' lang='grc' dir='ltr'><strong><em>δίδοσθαι</em></strong></span> <span class='ocrx_word' id='word_1_232' title='bbox 703 3794 859 3858; x_wconf 88' lang='lat' dir='ltr'>omissum</span> <span class='ocrx_word' id='word_1_233' title='bbox 885 3793 1041 3876; x_wconf 88' lang='lat' dir='ltr'>videatur,</span> <span class='ocrx_word' id='word_1_234' title='bbox 1065 3812 1150 3876; x_wconf 84' lang='lat' dir='ltr'>e.g.:</span> 
     </span>
    </p>

    <p class='ocr_par' dir='ltr' id='par_1_13' title="bbox 261 3903 1438 4561">
     <span class='ocr_line' id='line_1_30' title="bbox 305 3903 1436 3988; baseline -0.004 -18"><span class='ocrx_word' id='word_1_235' title='bbox 305 3905 507 3988; x_wconf 75' lang='grc' dir='ltr'><strong><em>ἐφορμήε</em></strong></span> <span class='ocrx_word' id='word_1_236' title='bbox 543 3913 613 3979; x_wconf 77' lang='grc' dir='ltr'><strong><em>ταῖς</em></strong></span> <span class='ocrx_word' id='word_1_237' title='bbox 645 3905 716 3986; x_wconf 88' lang='grc' dir='ltr'><strong><em>παρ’</em></strong></span> <span class='ocrx_word' id='word_1_238' title='bbox 750 3905 831 3983; x_wconf 80' lang='grc' dir='ltr'><strong><em>ὑμῶν</em></strong></span> <span class='ocrx_word' id='word_1_239' title='bbox 862 3907 1018 3987; x_wconf 71' lang='grc' dir='ltr'><strong><em>ἀφορμαῖς</em></strong></span> <span class='ocrx_word' id='word_1_240' title='bbox 1042 3905 1095 3987; x_wconf 76' lang='grc' dir='ltr'>ἐφ’</span> <span class='ocrx_word' id='word_1_241' title='bbox 1122 3905 1203 3982; x_wconf 75' lang='grc' dir='ltr'><strong><em>ὑμᾶς</em></strong></span> <span class='ocrx_word' id='word_1_242' title='bbox 1226 3903 1337 3976; x_wconf 81' lang='grc' dir='ltr'><strong><em>αὐτοὺς</em></strong></span> <span class='ocrx_word' id='word_1_243' title='bbox 1360 3904 1436 3967; x_wconf 83' lang='grc' dir='ltr'><strong><em>οίπε-</em></strong></span> 
     </span>
     <span class='ocr_line' id='line_1_31' title="bbox 263 4019 1435 4101; baseline -0.003 -17"><span class='ocrx_word' id='word_1_244' title='bbox 263 4020 399 4099; x_wconf 74' lang='grc' dir='ltr'><strong><em>χριίσατο</em></strong></span> <span class='ocrx_word' id='word_1_245' title='bbox 433 4019 668 4100; x_wconf 87' lang='lat' dir='ltr'>(occasionibus</span> <span class='ocrx_word' id='word_1_246' title='bbox 703 4041 720 4082; x_wconf 92' lang='lat' dir='ltr'>a</span> <span class='ocrx_word' id='word_1_247' title='bbox 756 4019 848 4084; x_wconf 88' lang='lat' dir='ltr'>vobis</span> <span class='ocrx_word' id='word_1_248' title='bbox 883 4020 998 4084; x_wconf 89' lang='lat' dir='ltr'>oblatis</span> <span class='ocrx_word' id='word_1_249' title='bbox 1022 4020 1178 4084; x_wconf 88' lang='lat' dir='ltr'>adversus</span> <span class='ocrx_word' id='word_1_250' title='bbox 1203 4019 1435 4101; x_wconf 81' lang='lat' dir='ltr'>vosmetipsos</span> 
     </span>
     <span class='ocr_line' id='line_1_32' title="bbox 261 4132 1435 4218; baseline -0.003 -20"><span class='ocrx_word' id='word_1_251' title='bbox 261 4135 384 4200; x_wconf 88' lang='lat' dir='ltr'>abusus</span> <span class='ocrx_word' id='word_1_252' title='bbox 416 4138 491 4215; x_wconf 70' lang='lat' dir='ltr'>est),</span> <span class='ocrx_word' id='word_1_253' title='bbox 526 4135 580 4201; x_wconf 90' lang='lat' dir='ltr'>hic</span> <span class='ocrx_word' id='word_1_254' title='bbox 615 4135 700 4198; x_wconf 89' lang='lat' dir='ltr'>enim</span> <span class='ocrx_word' id='word_1_255' title='bbox 733 4135 962 4218; x_wconf 88' lang='lat' dir='ltr'>praepositioni</span> <span class='ocrx_word' id='word_1_256' title='bbox 988 4133 1073 4213; x_wconf 77' lang='grc' dir='ltr'><strong><em>παρα</em></strong></span> <span class='ocrx_word' id='word_1_257' title='bbox 1097 4132 1279 4197; x_wconf 89' lang='lat' dir='ltr'>addendum</span> <span class='ocrx_word' id='word_1_258' title='bbox 1304 4132 1435 4196; x_wconf 88' lang='lat' dir='ltr'>videtur</span> 
     </span>
     <span class='ocr_line' id='line_1_33' title="bbox 261 4245 1438 4331; baseline 0.002 -23"><span class='ocrx_word' id='word_1_259' title='bbox 261 4249 454 4312; x_wconf 90' lang='lat' dir='ltr'>vocabulum</span> <span class='ocrx_word' id='word_1_260' title='bbox 480 4247 643 4326; x_wconf 83' lang='grc' dir='ltr'><strong><em>διδομέναις</em></strong></span> <span class='ocrx_word' id='word_1_261' title='bbox 667 4249 717 4312; x_wconf 90' lang='lat' dir='ltr'>vel</span> <span class='ocrx_word' id='word_1_262' title='bbox 741 4246 893 4320; x_wconf 77' lang='grc' dir='ltr'><strong><em>δοθείσαις.</em></strong></span> <span class='ocrx_word' id='word_1_263' title='bbox 919 4248 1131 4331; x_wconf 89' lang='lat' dir='ltr'>Participium</span> <span class='ocrx_word' id='word_1_264' title='bbox 1154 4247 1193 4310; x_wconf 96' lang='lat' dir='ltr'>de</span> <span class='ocrx_word' id='word_1_265' title='bbox 1214 4265 1278 4330; x_wconf 93' lang='lat' dir='ltr'>quo</span> <span class='ocrx_word' id='word_1_266' title='bbox 1296 4245 1438 4310; x_wconf 83' lang='lat' dir='ltr'>diximus</span> 
     </span>
     <span class='ocr_line' id='line_1_34' title="bbox 261 4358 1437 4446; baseline -0.005 -21"><span class='ocrx_word' id='word_1_267' title='bbox 261 4363 406 4428; x_wconf 90' lang='lat' dir='ltr'>additum</span> <span class='ocrx_word' id='word_1_268' title='bbox 443 4363 597 4427; x_wconf 88' lang='lat' dir='ltr'>babemus</span> <span class='ocrx_word' id='word_1_269' title='bbox 633 4363 687 4446; x_wconf 88' lang='lat'>45,</span> <span class='ocrx_word' id='word_1_270' title='bbox 707 4362 761 4446; x_wconf 82' lang='grc'>24,</span> <span class='ocrx_word' id='word_1_271' title='bbox 793 4362 824 4440; x_wconf 87' lang='grc'>4,</span> <span class='ocrx_word' id='word_1_272' title='bbox 847 4361 904 4426; x_wconf 91' lang='lat' dir='ltr'>ubi</span> <span class='ocrx_word' id='word_1_273' title='bbox 927 4380 1035 4425; x_wconf 86' lang='lat' dir='ltr'>sermo</span> <span class='ocrx_word' id='word_1_274' title='bbox 1062 4366 1110 4424; x_wconf 92' lang='lat' dir='ltr'>est</span> <span class='ocrx_word' id='word_1_275' title='bbox 1135 4361 1173 4424; x_wconf 92' lang='lat' dir='ltr'>de</span> <span class='ocrx_word' id='word_1_276' title='bbox 1196 4367 1234 4440; x_wconf 74' lang='grc' dir='ltr'>τῇ</span> <span class='ocrx_word' id='word_1_277' title='bbox 1260 4358 1330 4436; x_wconf 83' lang='grc' dir='ltr'><strong><em>παρ’</em></strong></span> <span class='ocrx_word' id='word_1_278' title='bbox 1356 4358 1437 4435; x_wconf 79' lang='grc' dir='ltr'><strong><em>ὑμῶν</em></strong></span> 
     </span>
     <span class='ocr_line' id='line_1_35' title="bbox 263 4470 1438 4561; baseline -0.005 -20"><span class='ocrx_word' id='word_1_279' title='bbox 263 4473 381 4561; x_wconf 71' lang='grc' dir='ltr'><strong><em>ἐξουσία</em></strong></span> <span class='ocrx_word' id='word_1_280' title='bbox 418 4475 540 4556; x_wconf 59' lang='lat' dir='ltr'>bodalca.</span> <span class='ocrx_word' id='word_1_281' title='bbox 577 4475 725 4541; x_wconf 82' lang='lat' dir='ltr'>Ceterum</span> <span class='ocrx_word' id='word_1_282' title='bbox 761 4475 932 4539; x_wconf 89' lang='lat' dir='ltr'>admodum</span> <span class='ocrx_word' id='word_1_283' title='bbox 970 4480 1045 4538; x_wconf 89' lang='lat' dir='ltr'>nota</span> <span class='ocrx_word' id='word_1_284' title='bbox 1075 4480 1124 4538; x_wconf 93' lang='lat' dir='ltr'>est</span> <span class='ocrx_word' id='word_1_285' title='bbox 1154 4475 1274 4538; x_wconf 90' lang='lat' dir='ltr'>locutio</span> <span class='ocrx_word' id='word_1_286' title='bbox 1297 4470 1438 4553; x_wconf 69' lang='grc' dir='ltr'><strong><em>ἀφορμὰς</em></strong></span> 
     </span>
    </p>
   </div>
   <div class='ocr_carea' id='block_1_7' title="bbox 0 0 1698 5212">
    <p class='ocr_par' dir='ltr' id='par_1_14' title="bbox 0 0 1698 5212">
     <span class='ocr_line' id='line_1_36' title="bbox 0 0 1698 5212; baseline 0 0"><span class='ocrx_word' id='word_1_287' title='bbox 0 0 1698 5212; x_wconf 95' lang='lat' dir='ltr'> </span> 
     </span>
    </p>
   </div>
  </div>
 </body>
</html>
