3378 5212
702 549 706 558 -
791 511 853 576 133

275 697 409 763 Locutio
444 717 481 763 oe
513 699 597 779 παρόν
620 699 716 772 πόδας
738 701 909 764 transitum
934 700 1063 784 praebet
1086 719 1103 764 e
1125 700 1217 764 locali
1239 701 1400 786 significe-

232 813 319 876 tione
343 814 587 896 praepositionis
610 814 655 876 adr
674 813 890 897 temporalem.

276 924 431 1009 Stephani
453 925 636 990 Thesaurus
660 927 806 1010 exempla
827 928 985 991 nonnulle
1004 927 1133 1011 praebet
1154 927 1272 1011 quibus
1286 931 1406 1013 optime

232 1039 284 1103 hio
309 1059 389 1104 usus
408 1040 605 1105 illustretur:
620 1039 760 1105 Primam
774 1040 1042 1124 significationem
1057 1042 1228 1106 locutionis
1251 1042 1294 1105 lo
1309 1061 1326 1105 o
1339 1063 1360 1106 u
1374 1062 1406 1107 m

233 1159 377 1236 spectare
400 1158 486 1237 patet
509 1143 551 1217 ex
573 1153 716 1235 Platone,
740 1157 797 1237 qui
820 1153 959 1237 (Theaet.
983 1175 1012 1238 p.
1038 1156 1101 1218 174
1126 1155 1169 1240 A)
1193 1156 1271 1218 haec
1293 1155 1405 1220 habet:

233 1264 274 1328 πόα
304 1265 336 1328 δὲ
360 1264 522 1345 ἔμπρόόόεν
545 1267 636 1331 αὐτοῦ
661 1265 713 1330 καὶ
738 1290 773 1330 π.
797 1266 892 1340 πόδας
915 1273 947 1332 et
969 1267 1087 1332 ibidem
1112 1267 1174 1348 (0):
1202 1267 1266 1348 περὶ
1290 1272 1347 1333 πῶν
1371 1292 1406 1333 π,

232 1377 328 1452 πόδας
363 1380 414 1443 καὶ
447 1383 503 1444 τῶν
534 1381 563 1443 ἐν
594 1381 767 1462 όφόαλμόῑς
791 1380 995 1458 διαλέγεσθαι,
1026 1382 1137 1446 itidem
1162 1380 1327 1448 Lucienus
1350 1384 1404 1466 (de

232 1493 371 1558 calumn.
406 1494 506 1577 init.):
543 1496 577 1560 πό
613 1493 740 1568 πλησίον
772 1494 824 1558 καὶ
849 1518 883 1558 π.
911 1493 1007 1568 πόδας
1029 1494 1089 1574 οὐχ
1113 1493 1231 1575 όρῶνπες
1255 1497 1340 1580 (opp.
1364 1495 1406 1561 τόν

236 1606 327 1689 πόρρω
351 1608 402 1672 καὶ
427 1607 582 1686 πόμπόλν
607 1606 808 1692 δόεόπναόπα).
833 1606 933 1672 Hisce
956 1608 1112 1691 exemplis
1137 1627 1315 1673 sermonem
1337 1629 1407 1674 esse

232 1722 271 1786 de
305 1725 345 1787 iis
371 1742 454 1806 quae
481 1721 595 1804 „ente”
619 1725 687 1787 sive
714 1724 826 1804 „iuxta
850 1721 969 1805 pedos''
994 1726 1070 1786 sunt
1092 1741 1187 1786 nemo
1211 1741 1277 1785 non
1303 1722 1405 1797 vidot;

232 1836 341 1900 eadem
377 1839 487 1919 itaque
518 1835 752 1919 significatione
775 1839 944 1917 astatque
968 1834 1088 1898 locutio
1112 1834 1141 1897 ἐν
1165 1832 1260 1898 πόόόν.
1286 1833 1406 1900 Recen-

232 1953 329 2015 tiores
354 1953 525 2034 scriptores
548 1951 707 2033 imprimis
732 1948 900 2030 Polybius,
923 1948 1118 2012 locutionem
1153 1955 1238 2012 tem
1252 1969 1272 2032 p
1286 1969 1304 2012 o
1317 1969 1333 2011 r
1345 1949 1382 2013 el
1396 1950 1407 2012 i

233 2067 363 2128 notione
401 2070 605 2145 ornaverunt,
641 2064 749 2127 eadem
786 2061 1021 2146 significatione
1055 2069 1152 2146 etque
1183 2060 1267 2126 κατόν
1298 2061 1403 2135 πόδας,

228 2175 388 2258 παρανόό,
424 2184 630 2257 παραχρῆμα.
666 2177 710 2241 Ut
745 2197 846 2240 unum
883 2195 901 2240 e
933 2176 1044 2239 multis
1067 2175 1194 2238 afferam
1220 2177 1404 2260 exemplum

231 2291 361 2372 Polybii
383 2310 423 2354 ex
450 2311 514 2374 quo
538 2291 730 2374 perspicitur
752 2290 846 2354 facile
870 2289 1061 2373 significatio
1081 2290 1253 2353 locutionis
1277 2290 1324 2373 (5,
1349 2289 1403 2372 26,

233 2405 303 2490 13):
329 2400 360 2468 oi'
378 2427 413 2468 πε
436 2403 581 2485 περόνας
605 2402 705 2476 αὐλός
728 2401 813 2467 καπόό
836 2404 869 2467 πό
892 2407 945 2467 πόῦ
970 2400 1123 2480 βασιλέως
1143 2405 1240 2480 νεῦμα
1262 2401 1403 2482 μακόόρόόό

229 2519 281 2584 καὶ
318 2542 352 2582 π.
391 2516 486 2590 πόδας
515 2515 635 2581 ἕλεεόνόὶ
666 2516 819 2594 γόγνόνπαό
845 2517 992 2600 (prorsus
1017 2517 1150 2580 evanuit
1173 2517 1261 2580 notio
1285 2517 1405 2599 localia,

231 2634 415 2718 temporalis
439 2639 546 2697 autem
571 2634 659 2696 notio
685 2631 811 2714 elucet).

275 2746 458 2829 Hesychius
494 2766 624 2830 quoque
654 2748 689 2808 in
721 2745 839 2810 Laxioo
869 2745 1024 2827 explicet:
1051 2741 1134 2823 παρὰ
1158 2742 1263 2816 πόδας·
1289 2743 1400 2817 εόόέως.

230 2861 343 2926 Latino
367 2880 514 2925 sermone
538 2861 730 2924 locutionem
756 2859 909 2923 habemus
936 2877 972 2938 „e
997 2856 1154 2941 vestigio''
1179 2876 1262 2940 quae
1282 2866 1403 2941 tempo-

228 2976 287 3040 rali
323 2995 454 3058 quoque
486 2993 584 3038 sensu
610 2979 794 3057 usurpetur,
819 2974 974 3057 originem
997 2977 1106 3035 eutem
1132 2971 1221 3035 ducit
1245 2991 1286 3036 ex
1309 2973 1403 3036 locali

230 3091 368 3153 notione.

273 3202 397 3267 Dionae
417 3204 517 3286 igitur
540 3203 609 3266 loco
632 3201 743 3266 όνῶναό
768 3225 802 3264 π.
828 3200 923 3274 πόδας
950 3220 986 3282 „e
1012 3202 1155 3284 vestigio,
1179 3199 1308 3265 statim*
1334 3220 1402 3266 ver·

229 3319 360 3382 tendum
384 3337 455 3382 esse
478 3319 535 3381 vix
560 3319 730 3400 quisquam
756 3316 893 3400 negabit.

270 3545 340 3628 §4-
366 3541 586 3606 Exlocali
613 3538 1240 3605 sententiaalternationis
1267 3558 1398 3622 quoque

226 3657 418 3743 significatio
453 3656 625 3719 derivanda
659 3673 730 3718 esse
763 3653 900 3733 videtur,
923 3651 1018 3715 cuius
1042 3671 1122 3715 usus
1147 3671 1247 3715 unum
1274 3657 1400 3716 tautum

226 3772 410 3855 exemplum
447 3768 575 3832 adhibet
610 3767 749 3846 Cassius,
784 3785 897 3848 nempe
930 3766 963 3827 in
1000 3763 1187 3847 fragmentis
1222 3762 1293 3851 (57,
1321 3763 1399 3850 17):

227 3884 338 3964 ἡμέραν
373 3881 455 3958 ἠξίου
490 3881 561 3961 παρ’
597 3880 709 3960 ἡμέραν
740 3879 756 3954 ἢ
789 3877 840 3942 καὶ
865 3875 989 3949 πλεόόνς
1013 3873 1150 3950 ἐναλλὰξ
1172 3876 1258 3955 μόνός
1281 3875 1398 3958 ν’όρχεόν.

226 3973 296 4085 (Sic
328 4016 458 4082 quoque
489 3995 629 4058 Zonaras
653 3994 729 4077 legit
753 3990 802 4079 (8,
826 3992 880 4073 26,
904 3989 941 4076 9)
965 3993 1022 4074 qui
1046 3998 1118 4073 post
1143 3990 1264 4064 πλεόόνς
1288 3973 1401 4071 ἐφεξῆς

167 4099 168 4103 “
225 4113 370 4176 additum
395 4107 515 4194 hebet).

270 4226 434 4290 Minucius
465 4225 584 4305 itaque,
613 4223 764 4304 magister
788 4221 933 4303 equitum
958 4217 1050 4282 Fabii
1076 4219 1249 4302 dictatoris,
1272 4221 1318 4283 ita
1341 4221 1399 4283 im-

226 4343 351 4427 perium
388 4338 487 4403 dividi
510 4339 595 4400 inter
618 4355 673 4400 eos
698 4335 809 4415 voluit,
833 4339 868 4396 ut
892 4333 1024 4396 alternis
1049 4332 1162 4397 diebus
1185 4334 1237 4398 vel
1262 4333 1400 4417 singulis

226 4457 276 4520 vel
312 4457 408 4521 etiam
442 4450 592 4537 pluribus
623 4451 754 4514 alterius
786 4467 950 4512 summum
982 4449 1035 4512 ius
1058 4454 1150 4513 esset.
1174 4447 1263 4512 Haeo
1286 4447 1399 4511 Livius
