3400 5212
838 514 882 577 44

315 697 439 780 ύμάρους
463 700 534 779 παρ’
557 700 651 764 ἀὐτοῦ
675 696 773 776 ἔλαβε
798 700 850 777 89,
876 700 912 779 1;
940 699 991 777 78,
1016 698 1069 776 27,
1097 699 1137 778 5;

315 808 396 885 ύσους
420 836 454 875 τ.
480 835 513 875 τε
535 815 592 876 τῶν
615 811 721 891 άνδρῶν
743 810 796 874 καὶ
820 833 850 872 τ,
874 815 931 875 τῶν
950 814 1098 888 γυναικῶν
1113 807 1253 881 δούλους.
1269 859 1276 874 .
1293 858 1300 873 .
1317 809 1444 887 ,λαβών

272 927 326 1003 55,
352 926 406 1004 31,
432 927 468 1007 13

316 1038 384 1112 τοὺς
405 1036 627 1118 αἰχμαλώτους
649 1035 719 1110 τούς
742 1061 776 1101 τε
800 1036 987 1114 αὐτομόλους
1012 1039 1064 1116 89,
1090 1038 1124 1118 1;

315 1153 364 1216 τὸν
388 1149 568 1232 Ἰουνούρύαν
592 1149 707 1214 ἔκδοτον
730 1149 800 1230 παρ’
826 1151 918 1214 αὐτοῦ
943 1149 1036 1229 λάβοι
1062 1151 1114 1228 89,
1141 1152 1179 1231 6;

316 1264 443 1346 Φρουράν
466 1267 535 1344 (ie.
558 1262 712 1347 φρουρούς)
736 1287 769 1327 σι.
794 1272 849 1339 τῆς
873 1264 987 1342 βουλῆς
1010 1261 1184 1342 λαμβάνειν
1208 1264 1261 1341 87,
1286 1265 1340 1341 46,
1365 1265 1402 1344 ά;

315 1377 509 1459 δημιουργοὺς
533 1377 666 1450 πολλοὺς
692 1377 762 1457 παρ’
788 1375 897 1441 ἐκείνου
922 1377 1027 1455 λαβάν
1052 1379 1104 1456 63,
1130 1380 1160 1456 6,
1186 1379 1223 1458 6;

316 1492 374 1557 υἱύν
397 1516 466 1557 τινα
489 1495 540 1556 τοῦ
565 1489 702 1590 Φραάτου
717 1539 723 1553 .
737 1537 745 1551 .
761 1539 767 1554 .
783 1541 790 1554 .
812 1513 845 1553 τ.
858 1491 952 1555 αὐτοῦ
967 1490 1073 1569 λαβάν
1087 1492 1139 1570 51,
1154 1492 1206 1570 18,
1221 1492 1259 1571 3;’
1275 1490 1326 1568 58,
1340 1491 1393 1568 38,
1408 1494 1444 1572 2;

315 1602 392 1670 ύστε
415 1604 575 1685 ε’σιίτροτον
597 1612 652 1678 τῆς
675 1605 775 1684 άρρςῆς
802 1627 835 1666 σι.
860 1608 912 1668 τού
937 1603 1113 1682 Αὐγούστου
1139 1604 1249 1682 λαβεῖν
1274 1605 1446 1685 57,17,5;

270 1724 318 1802 (ut
341 1725 479 1785 tutorem
503 1719 595 1802 regni
619 1716 659 1782 ab
683 1719 835 1802 Augusto
859 1719 1038 1802 acciperet).

314 1947 495 2032 Hucusque
529 1948 676 2031 exempla
711 1947 841 2010 laudata
875 1947 1034 2010 eiusmodi
1063 1946 1129 2011 fere
1160 1952 1237 2011 sunt
1260 1951 1295 2011 ut
1318 1948 1446 2032 proprio

271 2081 369 2126 sensu
404 2065 594 2146 usurpatum
629 2061 776 2125 videatur
810 2058 943 2125 verbum
981 2057 1153 2138 λαμβάνειν
1186 2083 1217 2124 τι
1251 2059 1444 2140 repatriare.

271 2173 334 2240 Res
370 2195 450 2259 quas
486 2175 559 2259 quis
594 2174 737 2257 accipere
772 2174 892 2238 dicitur
926 2193 944 2238 e
977 2193 1074 2237 manu
1101 2173 1232 2238 alterius
1255 2177 1290 2238 in
1313 2174 1446 2239 alterius

272 2309 402 2355 manum
438 2290 574 2353 transire
607 2287 777 2372 finguntur
807 2290 876 2352 aive
908 2291 1036 2372 proprie
1060 2289 1150 2353 velut
1173 2288 1257 2368 δῶρα,
1284 2288 1445 2368 χρήματα,

272 2405 353 2468 aliae
387 2422 449 2480 res,
484 2403 553 2466 sive
588 2402 813 2485 metaphorice,
849 2402 939 2466 velut
973 2403 1132 2486 regiones,
1165 2402 1295 2480 milites,
1320 2400 1447 2466 obsides

272 2518 393 2583 aliaeve
417 2535 588 2600 personae;
614 2517 661 2580 sic
684 2514 750 2579 fero
775 2516 877 2579 oritur
897 2515 1087 2600 significatio
1101 2516 1251 2579 veniendi
1263 2517 1296 2578 in
1309 2516 1448 2579 alicuius

271 2634 559 2716 potestatem
601 2628 740 2712 perfecta
783 2630 908 2693 actione
950 2633 1000 2692 τοῦ
1036 2627 1218 2706 λαμβάνειν.
1255 2627 1335 2693 Gum
1372 2631 1447 2712 quis

271 2744 360 2811 verbi
395 2762 492 2808 causa
526 2741 717 2823 στρατιώτας
747 2741 829 2822 ταρά
860 2747 917 2806 τῶν
949 2741 1064 2806 τύλειον
1088 2741 1255 2820 λαμβάνει,
1279 2745 1303 2806 ii
1326 2743 1446 2807 milites

271 2861 306 2923 in
330 2859 401 2924 eiua
424 2857 560 2922 veniunt
583 2859 788 2940 potestatem
813 2875 877 2919 non
903 2875 920 2920 e
944 2876 1042 2920 manu
1063 2858 1190 2942 proprio
1203 2875 1300 2921 sensu
1314 2855 1445 2920 urbium

271 2976 441 3038 transeunt
464 2971 497 3032 in
521 2989 638 3034 manus
661 2971 731 3034 eiua
755 2971 811 3054 qui
837 2967 1004 3047 λαμβάνει,
1026 2971 1082 3034 sed
1103 2971 1256 3034 translato
1268 2970 1335 3035 fere
1347 2989 1446 3036 sensu

272 3106 289 3152 e
313 3087 438 3150 dicione
463 3081 591 3148 urbium
615 3085 649 3146 in
673 3083 762 3147 illius
785 3084 921 3147 veniunt
944 3084 1111 3148 dicionem.

317 3198 432 3264 Omnia
467 3201 574 3260 autem
606 3196 699 3274 dona,
733 3199 801 3260 sive
823 3216 876 3261 res
899 3198 968 3262 sive
991 3215 1157 3281 personae,
1190 3202 1447 3262 concretae

271 3319 349 3379 sunt
382 3331 443 3390 res,
479 3331 559 3395 quas
594 3312 667 3394 quis
702 3310 742 3375 ab
773 3311 871 3375 altero
903 3312 1035 3397 accipit;
1060 3296 1169 3395 itaque
1192 3313 1321 3397 proprio
1346 3331 1444 3376 sensu

272 3425 566 3512 usurpatummihi
589 3425 695 3488 visum
720 3430 769 3489 est
792 3424 928 3488 verbum
953 3423 1142 3506 λαμβάνειν;
1163 3425 1317 3489 translata
1336 3430 1444 3489 autem

270 3542 307 3606 fit
330 3539 521 3625 significatio
545 3557 618 3603 cum
643 3538 683 3602 de
706 3537 804 3602 rebus
837 3536 1108 3603 abstractis
1131 3541 1249 3622 agitur,
1273 3539 1365 3603 velut
1388 3540 1444 3603 ho·

271 3674 360 3734 nore,
394 3650 546 3718 laudibus
580 3652 693 3716 aliisve
727 3651 835 3729 rebus,
872 3651 991 3734 quibua
1026 3653 1099 3735 quis
1134 3653 1246 3716 donari
1282 3653 1333 3716 vel
1364 3672 1445 3736 quas

272 3769 346 3852 quis
368 3767 409 3832 ab
432 3767 494 3830 alio
518 3767 661 3849 accipere
684 3765 809 3829 dicitnr.
835 3764 943 3828 Pauca
967 3765 1125 3849 quaedam
1150 3766 1189 3830 de
1214 3767 1272 3829 hac
1293 3766 1447 3829 translata

272 3876 411 3947 dictione
445 3879 569 3944 addam.
598 3879 780 3943 Transitum
805 3877 935 3963 praebet
965 3879 1005 3942 ad
1029 3878 1216 3942 translatam
1240 3879 1445 3963 significatio-

272 4013 347 4060 nem
370 3995 423 4058 hic
445 3993 556 4058 locus:

227 4121 228 4125 ’
317 4107 391 4187 μίαν
414 4103 487 4188 ύραν
510 4105 599 4185 μάνην
624 4129 658 4168 τ.
683 4108 735 4170 τοῦ
755 4103 921 4184 Τρεβωνίου
935 4104 1004 4184 πρὸς
1016 4103 1192 4182 άντιλονίοιν
1206 4104 1309 4183 λάβονν
1324 4109 1376 4186 89,
1390 4110 1444 4188 34,

274 4226 311 4304 23
336 4223 387 4302 (ad
410 4226 521 4287 contra
544 4219 717 4285 dicendum
743 4238 841 4282 unam
861 4217 1078 4281 modohoram
1092 4217 1444 4306 airebonioacoepit);

272 4337 325 4400 hio
347 4339 475 4418 tempus
499 4333 662 4417 quoddam
686 4330 874 4395 conceditur
897 4330 995 4393 alicui
1018 4335 1054 4393 ut
1077 4335 1188 4394 contra
1214 4333 1298 4397 dicat
1317 4335 1445 4400 cuidam

272 4450 434 4536 opinioni3
469 4467 536 4514 rem
572 4448 682 4530 itaque
716 4443 907 4509 abstractam
943 4440 1098 4519 λαμβάνει
1130 4446 1214 4528 quis,
1247 4447 1303 4512 sed
1335 4449 1378 4512 ita
1409 4455 1447 4514 ut
