3400 5212
838 544 879 607 75

276 727 416 801 τέσεσέαι
447 729 499 794 καί
535 730 712 811 λιπαρήσειν
742 732 814 811 παρ’
840 731 921 808 ὑμῶν
943 731 1043 796 αὐτόν.
1064 731 1221 797 Isocrates
1244 737 1292 797 ter
1315 751 1445 817 praepo·

275 845 423 908 sitionem
449 842 533 924 παροί
556 848 725 930 usurpavit
747 846 813 930 (16,
837 846 874 908 9:
900 844 972 925 παρ’
996 843 1147 926 Ἀργείων,
1174 847 1223 929 17,
1237 848 1273 909 5:
1300 869 1334 908 π.
1350 845 1442 924 ὑμῶν,

277 957 327 1038 17,
351 959 414 1022 47;
440 982 480 1036 με
506 981 540 1021 π.
562 958 666 1042 ὑμῶν).

321 1072 465 1135 Aliarum
500 1075 775 1157 praepositionum
813 1093 908 1138 usum
941 1074 1000 1138 hoc
1035 1075 1069 1136 in
1105 1073 1203 1138 verbo
1238 1093 1303 1137 non
1327 1075 1448 1158 inveni,

274 1185 361 1250 unde
390 1184 516 1250 efficere
540 1206 723 1270 possumus,
746 1187 938 1272 plerumque
958 1184 1179 1253 accusativum
1200 1207 1356 1272 personae
1377 1194 1446 1252 tan·

274 1304 343 1362 tum
382 1319 557 1382 occurrere,
589 1300 671 1365 duos
702 1303 903 1366 accusativos
926 1302 1089 1366 interdum
1112 1303 1264 1383 inveniri,
1287 1302 1450 1367 rarissime

274 1418 380 1476 autem
404 1414 671 1496 praepositionem
695 1412 780 1494 tratti
803 1412 958 1478 adhiberi.

318 1525 423 1590 Semel
459 1546 589 1611 quoque
623 1528 708 1611 apud
741 1534 890 1592 nostrum
912 1528 1052 1592 occurrit
1075 1527 1209 1592 verbum
1234 1529 1445 1607 superinsistant

275 1659 348 1703 cum
369 1642 604 1723 praepositione
626 1637 720 1720 παροί,
741 1660 856 1725 nempe
878 1641 930 1724 78,
949 1643 1002 1723 22,
1016 1641 1033 1702 3
1045 1662 1051 1704 :
1065 1639 1119 1713 titt
1127 1639 1318 1721 παραίτησιν,
1332 1638 1351 1722 ᾖ
1364 1640 1447 1722 παροί

275 1757 328 1815 τοῦ
352 1751 557 1832 Καρακοίῖιῖιον
571 1754 738 1833 παρρίτντο,
763 1754 793 1826 ές
815 1753 906 1817 αὑτὸν
929 1753 1072 1817 ἐλθοῦσαν
1083 1754 1136 1817 οιίιι
1149 1751 1273 1829 ἐδέξατο
1286 1754 1447 1838 (depreca-

275 1869 403 1943 tionem,
424 1888 488 1951 qua
507 1865 699 1932 acaracalla
712 1868 899 1952 deprecatus
912 1872 979 1932 erat
991 1870 1045 1948 (so.
1059 1871 1154 1949 eum),
1166 1867 1228 1933 sibi
1240 1869 1368 1933 allatam
1383 1888 1447 1932 non

275 1981 416 2063 accepit),
446 1980 637 2064 plerumque
668 1999 742 2044 cum
767 2000 832 2044 uuo
856 1982 1040 2046 accusativo
1064 1982 1242 2063 invenitur,
1263 1981 1348 2064 apud
1371 1979 1447 2045 Dio-

275 2111 348 2155 nem
373 2111 504 2177 quoque
528 2096 606 2176 (eg.
630 2095 681 2176 42,
707 2094 757 2170 24,
781 2096 818 2175 33
844 2095 895 2174 49,
922 2093 1023 2175 225,
1043 2093 1081 2157 fr.
1105 2095 1155 2176 49,
1178 2094 1280 2177 2378,
1293 2095 1344 2176 22,
1358 2096 1447 2174 5);si

275 2209 381 2269 tamen
406 2209 597 2290 praepositio
611 2214 794 2292 usurpatur,
806 2209 1000 2292 praepositio
1014 2205 1098 2287 παροί
1110 2209 1251 2272 maxime
1262 2209 1447 2291 requiritur.

319 2318 512 2384 Extremum
535 2320 620 2384 inter
643 2319 732 2383 verbi
755 2318 850 2383 αἰτεῖν
870 2322 1046 2404 composita
1058 2325 1144 2385 tenet
1156 2321 1262 2384 locum
1275 2328 1447 2400 προσαιτεῖν

274 2433 308 2494 in
344 2451 408 2516 quo
444 2432 551 2514 verbo,
575 2435 729 2517 quoniam
753 2433 945 2518 praepositio
965 2452 1029 2497 nnn
1055 2452 1123 2497 eam
1149 2433 1245 2498 hahet
1268 2435 1333 2496 vim
1357 2453 1447 2518 sepa·

274 2547 410 2609 rativam
434 2566 531 2630 quam
555 2548 588 2609 in
608 2543 739 2621 ἐξαιτεῖν
759 2549 812 2630 (=
825 2546 920 2609 αἰτεῖν
933 2543 966 2610 tt
980 2548 1067 2627 τινος)
1080 2553 1111 2611 et
1123 2545 1269 2610 οἰπαιτεῖν
1282 2550 1336 2627 (=
1350 2546 1445 2611 αἰτεῖν

274 2657 337 2721 οἰπό
360 2665 447 2739 τινος)
471 2659 690 2743 observamus,
715 2662 770 2723 vix
793 2667 960 2745 exspectes
979 2663 1248 2745 praepositionem
1270 2663 1447 2745 cumgeni-

274 2773 341 2836 tivo
375 2791 539 2857 personae.
562 2773 688 2838 Etenim
715 2780 887 2854 προσαιτεῖν
910 2793 975 2836 non
998 2779 1046 2839 est
1069 2773 1165 2837 αἰτεῖν
1191 2772 1262 2853 πρός
1286 2796 1364 2846 τινος
1390 2774 1446 2839 sed

275 2885 341 2950 fere
372 2893 420 2951 est
443 2885 591 2966 προσιέναι
614 2887 698 2960 τινοίς
723 2887 878 2952 αἰτοῦντα.
904 2885 1070 2967 προσαίτης
1093 2889 1179 2952 enim
1203 2893 1252 2952 cst
1276 2889 1332 2971 qui
1358 2909 1446 2967 προσ-

276 2997 401 3079 έρχεται
437 3002 520 3078 ἡμᾶς
554 3001 644 3065 αἰτῶν
675 3006 751 3085 (qua
782 3003 911 3066 notione
936 3000 1086 3066 Germani
1116 3000 1289 3083 anflehen‚
1322 3000 1446 3066 aubet-

274 3115 340 3177 teln
366 3114 486 3196 dicunt,
511 3134 570 3179 nos
593 3115 767 3179 sanzoeh
793 3114 904 3194 doen);
929 3134 1035 3197 neque
1059 3133 1134 3178 vero
1156 3115 1215 3179 hoo
1234 3115 1448 3199 neglexerunt

275 3225 388 3292 Graeci
412 3230 611 3312 antiquiores
631 3228 731 3292 veluti
751 3226 935 3292 Herodotus
949 3227 1063 3312 qui(3‚
1080 3227 1133 3309 14)
1144 3228 1341 3312 Aegyptium
1353 3229 1446 3292 illum

273 3341 436 3404 hominem
461 3341 600 3406 nobilem
626 3342 769 3426 depingit
794 3339 1010 3422 προσαιτέοντα
1033 3341 1087 3413 τίιν
1111 3341 1263 3421 στραπίνν.
1291 3342 1343 3406 Sic
1369 3342 1447 3425 legi·

275 3474 348 3519 mus
383 3455 468 3538 apud
503 3455 675 3520 Isocratem
711 3455 755 3538 (7,
787 3455 860 3538 83);
892 3458 1057 3535 apostatabit
1087 3454 1155 3527 τοὺς
1187 3452 1442 3534 ένπνριχοένοντας,

208 3595 209 3598 “
275 3569 361 3653 apud
396 3568 583 3653 Euripidem
619 3569 742 3653 (Suppl.
780 3569 851 3651 64);
888 3572 1092 3648 προσαιτοῦσα
1124 3569 1191 3632 θεῶν
1216 3567 1357 3645 θυμέλας.
1382 3567 1446 3633 Res

275 3701 371 3765 quam
408 3685 482 3765 quis
519 3681 727 3764 mendicatur‚
760 3683 943 3746 accusativo
968 3683 1169 3767 exprimitur,
1193 3700 1218 3746 e.
1230 3702 1260 3766 g.
1284 3680 1446 3766 Aristoph.

275 3794 362 3878 (Itys.
395 3795 512 3878 1141):
549 3794 692 3874 στρατιὰν
730 3799 906 3875 προσαιτῶν,
942 3795 1017 3860 Eur.
1050 3794 1136 3878 (Hel.
1164 3794 1257 3877 79]);
1290 3795 1447 3875 προσῄτεις

275 3907 383 3986 βίοτον.
408 3906 481 3972 Duo
504 3911 680 3972 accusativi
706 3910 919 3973 inveniuntur
939 3909 1026 3993 apud
1046 3909 1235 3994 Euripidem
1248 3907 1334 3991 (Hel.
1348 3908 1445 3988 slat:

274 4019 389 4095 ἄλλους
425 4019 578 4101 τνροίννονς
614 4020 679 4099 βίον
714 4028 893 4102 προσαιτεῖν,
926 4023 1012 4106 apud
1046 4020 1294 4105 Xenophontem
1329 4021 1446 4106 (Anah.

279 4135 305 4217 7,
340 4137 370 4217 3,
405 4134 477 4217 81);
521 4133 601 4197 οὐδέν
638 4159 671 4198 σε
711 4138 947 4215 προσαιτοῦντες.
983 4133 1141 4200 Absolute
1175 4136 1315 4199 occurrit
1348 4154 1446 4200 sensu

275 4249 479 4313 mendicandi
511 4249 595 4332 apud
631 4249 881 4333 Aristophanem
917 4248 1011 4332 (Aah.
1047 4249 1137 4331 452),
1169 4248 1254 4332 apud
1278 4248 1445 4313 Platonem

276 4362 399 4447 (Symp.
441 4383 472 4447 p.
510 4361 574 4424 903
608 4361 660 4446 Β),
702 4363 788 4447 apud
830 4361 1080 4446 Xenophontem
1115 4360 1223 4445 (Mem.
1261 4363 1289 4445 l,
1325 4365 1354 4446 2,
1387 4364 1444 4443 293

277 4475 384 4561 Symp.
421 4476 450 4560 8,
484 4475 550 4560 23),
573 4476 660 4561 apud
684 4477 889 4542 Aristotelem
915 4474 1019 4559 (Rhet.
1044 4478 1072 4553 2,
1096 4476 1129 4560 8)
1154 4483 1185 4540 et
1209 4478 1336 4561 saepius
1360 4475 1446 4559 apud
