3378 5212
811 526 874 590 141

257 710 393 775 lectione
427 708 593 773 Belikerus
624 709 823 794 probabilem
849 710 996 776 adhibuit
1019 711 1247 778 correctionem
1271 712 1374 789 θέντας
1396 740 1429 780 τ.

257 820 386 895 ι’θλληλα
420 830 477 888 etc.
515 821 727 907 comparandi
759 825 824 887 vim
847 826 954 889 inesse
977 828 1204 910 praepositioni
1227 834 1337 893 nostro
1361 830 1431 894 loco

257 939 313 1000 vix
346 939 519 1022 quisquam
555 936 701 1020 negabit,
738 938 821 1002 duae
855 940 939 1002 enim
971 959 1032 1022 res,
1057 961 1141 1024 quae
1164 942 1257 1007 vietis
1280 944 1430 1027 patienda

257 1058 352 1116 erunt
387 1070 536 1135 quaeque
570 1050 747 1115 victoribus
782 1051 966 1135 obtinenda,
989 1055 1074 1118 inter
1097 1073 1132 1120 se
1156 1062 1431 1140 componuntora

258 1164 430 1245 militibus3
455 1171 491 1228 ut
516 1165 574 1228 hee
597 1170 649 1229 red
672 1164 766 1230 facile
789 1172 1024 1250 comparentur,
1048 1169 1141 1233 iuxta
1164 1170 1330 1254 ponendae
1353 1176 1431 1235 sunt

258 1277 313 1362 (τ.
338 1275 466 1350 ι’ίλληλα
490 1276 632 1363 τιθέναι),
659 1298 755 1361 quem
781 1279 1058 1363 significationem,
1082 1290 1119 1346 ut
1141 1284 1429 1365 itadicam,trans·

255 1393 361 1473 latam,
394 1391 488 1456 facile
523 1398 630 1456 autom
666 1411 683 1456 e
717 1392 810 1456 locali
846 1393 1080 1477 significatione
1115 1395 1344 1478 deducendam,
1375 1397 1431 1460 alii

256 1509 426 1590 scriptores
461 1507 589 1590 saepius
625 1505 851 1583 adhibuerunt,
882 1526 947 1591 eg.
972 1506 1064 1571 Plato
1088 1507 1200 1596 (Soph.
1223 1531 1252 1595 p.
1278 1512 1342 1576 230
1367 1509 1427 1598 B):

256 1617 345 1693 δόξας
369 1617 484 1683 τιθέασι
507 1641 540 1686 rr.
565 1619 720 1692 ιέλληλας,
745 1619 782 1683 cf.
806 1619 883 1704 Rep.
907 1641 935 1704 p.
956 1621 1019 1685 361
1042 1621 1086 1702 Β;
1101 1622 1235 1687 Phaedr.
1255 1644 1284 1708 p.
1306 1624 1426 1688 2643:

257 1756 290 1796 τ.
324 1729 455 1806 ίιλληλα
479 1730 587 1805 ἔθηκεν,
611 1735 815 1817 saepissime3
841 1733 953 1816 Polyb.
977 1733 1026 1822 (3,
1051 1737 1104 1819 99,
1131 1733 1183 1823 7);
1208 1737 1267 1801 θτθ
1286 1735 1338 1809 την
1362 1736 1429 1818 θψιν

256 1845 366 1911 τιθέναι
402 1846 457 1919 την
491 1848 548 1908 τῶν
585 1843 734 1922 Ῥωμαίων
767 1844 926 1928 πρᾳότητα
959 1846 1043 1927 παρὰ
1062 1848 1117 1923 την
1140 1853 1197 1913 τῶν
1221 1849 1429 1930 Καρχηδονίων

184 1962 186 1966 ’
256 1958 419 2032 ἀπιστίαν,
439 1959 537 2024 Isocr.
561 1956 610 2045 (3,
636 1958 709 2045 17):
735 1957 792 2031 τθις
816 1958 967 2037 μεγίστοις
990 1963 1047 2024 τῶν
1072 1943 1210 2042 τριίξειιν·
1228 1987 1262 2026 τ.
1282 1963 1429 2037 οθλλιίλας

255 2073 395 2147 τιθέντες,
420 2074 457 2137 cf.
486 2075 516 2157 7,
542 2075 599 2155 793
627 2074 678 2156 12,
703 2074 778 2138 252.

298 2187 417 2252 Nostro
447 2189 517 2251 loco
549 2207 613 2250 vox
638 2186 850 2264 ἐνθυμηθέντας
871 2188 905 2251 in
930 2194 1055 2254 textum
1081 2197 1208 2275 recepta
1232 2210 1303 2256 esse
1325 2197 1429 2276 potest

253 2305 287 2366 in
312 2301 529 2384 describendo,
554 2301 755 2366 aberratione
774 2301 941 2367 oculorum
961 2303 1205 2369 transcribentis
1227 2306 1268 2370 ad
1292 2307 1427 2372 verbum

255 2416 341 2498 quod
373 2415 467 2498 paulo
502 2420 576 2480 ante
609 2415 744 2499 legitur;
780 2420 885 2499 potest
918 2435 1049 2500 quoque
1080 2419 1237 2502 originem
1269 2420 1428 2486 duoeree

254 2527 411 2593 vocabulo
434 2528 637 2611 praecedenti
662 2525 824 2609 τροθθμυς.
849 2528 944 2594 Hanc
968 2529 1007 2594 ob
1031 2549 1160 2595 causam
1186 2534 1321 2598 mutatio
1344 2533 1427 2598 Bek-

253 2642 383 2706 keriuna
406 2640 593 2725 accipienda
615 2641 752 2724 videtur,
775 2661 874 2724 quam
898 2645 932 2706 in
958 2648 1083 2708 textum
1107 2647 1226 2729 recepit
1248 2647 1297 2709 vir
1316 2647 1427 2712 claris·

253 2758 355 2820 simus
385 2754 584 2838 Boissevain,
609 2775 805 2840 quamquam
829 2756 975 2821 codicum
1000 2757 1093 2822 lectio
1117 2757 1330 2836 ἐνθυμηθέντας
1354 2760 1426 2841 παρ’

253 2865 382 2941 ίιλληλα
406 2888 461 2952 per
485 2888 606 2932 senon
631 2874 680 2933 est
704 2868 870 2934 abicienda
894 2871 969 2955 quia
993 2872 1122 2954 saepius
1145 2873 1286 2936 occurrit
1306 2873 1426 2938 locutio

233 2978 368 3049 'similis
403 2979 573 3068 (ἐξετάζειν
610 3006 644 3046 τ.
681 2980 810 3056 θλληλα
843 2982 934 3048 Dem.
972 2985 1024 3067 18,
1060 2985 1143 3068 2653
1175 2985 1273 3050 Isoor.
1306 2989 1337 3070 8,
1361 2984 1426 3074 11).

254 3098 366 3163 Oausis
390 3103 496 3161 eutem
521 3118 602 3182 ques
627 3098 704 3180 dixi,
727 3097 848 3181 quibus
871 3098 1053 3165 addendum
1079 3104 1128 3164 est
1150 3101 1427 3167 nostroloeofere

252 3214 358 3276 inesse
385 3209 556 3276 flosculum
582 3210 786 3275 Platonicum
811 3209 857 3297 (p.
883 3212 947 3275 264
971 3207 1025 3297 Β),
1048 3212 1209 3278 adductus
1232 3214 1425 3279 emendatio-

252 3345 325 3391 nem
349 3307 584 3390 Belrkeiianam
608 3324 803 3408 probandam
827 3343 951 3389 censeo.

296 3438 399 3503 Multo
434 3441 563 3522 saepius
597 3457 672 3503 vero
703 3437 789 3522 apud
813 3435 949 3502 Dionem
974 3439 1167 3522 praepositio
1191 3438 1276 3520 ταρθι
1299 3459 1425 3525 compa·
1506 3428 1512 3448 '

250 3557 405 3617 rationem
440 3553 587 3616 indicans
622 3553 763 3616 occurrit
798 3552 890 3616 nullo
926 3551 1024 3616 verbo
1060 3553 1168 3636 qualia
1203 3559 1281 3618 sunt
1314 3553 1424 3618 τιθέναι

252 3664 469 3746 ταραβοίλλειν
493 3686 518 3731 e.
531 3687 557 3730 a.
582 3666 701 3748 addito,
723 3668 817 3730 cuius
842 3685 922 3730 usus
946 3685 1011 3730 non
1036 3667 1139 3730 multa
1158 3667 1244 3751 apud
1264 3667 1424 3750 antiquio·

250 3800 301 3845 res
335 3782 506 3864 scriptores
540 3781 752 3844 inveniuntur
775 3780 930 3862 exempla.
954 3777 1139 3844 Herodotus
1162 3779 1292 3864 praebet
1316 3799 1424 3845 exem·

249 3894 337 3978 plum
373 3895 415 3977 (7,
448 3895 518 3972 20):
553 3889 629 3957 o‘r'rrs
660 3893 741 3970 μήτε
764 3892 813 3957 τὸν
834 3891 958 3974 Δαρείου
983 3890 1129 3978 (στθλον)
1154 3893 1205 3957 τὸν
1229 3892 1281 3957 ἐπὶ
1305 3892 1425 3968 Σκθθοις

249 4030 284 4070 τ.
318 4010 421 4070 τοῦτον
455 4005 570 4084 μηδένα
606 4004 766 4087 φαίνεσθαι
802 4010 888 4087 (cum
923 4007 983 4070 hee
1009 4007 1216 4091 expeditione
1239 4014 1424 4092 comparata

249 4121 371 4186 nullius
395 4123 488 4204 pretii
512 4140 582 4185 esse
605 4119 807 4200 videbatur);
833 4119 870 4183 cf.
893 4120 1019 4202 2,160:
1043 4145 1077 4183 τ.
1102 4124 1206 4184 ταῦτα
1229 4121 1309 4185 οὐδέν
1333 4118 1423 4195 ἐτεξ-

249 4240 348 4314 ευρεῖν.
373 4234 456 4299 Xen.
481 4234 587 4316 (Mem.
603 4236 632 4316 1,
646 4238 678 4316 4,
692 4235 760 4315 14):
783 4256 817 4296 τ.
840 4231 882 4296 τθι
897 4229 985 4297 ἄλλα
1005 4230 1068 4312 ζῷα
1089 4217 1187 4314 θίσιιερ
1204 4233 1258 4299 θεοὶ
1281 4231 1423 4315 ίινθρωσοι

250 4345 419 4424 βιοτεύουσι
452 4349 638 4432 (comparati
669 4367 743 4411 cum
774 4346 907 4430 reliquis
935 4347 1129 4412 animalibus
1161 4349 1307 4413 homines
1331 4355 1367 4415 ut
1391 4350 1424 4414 di

250 4463 348 4526 vitam
371 4462 511 4546 degunt).
531 4459 623 4526 Plato
645 4479 775 4545 quoque
787 4466 818 4526 et
830 4459 1063 4527 Demosthenes
1075 4462 1167 4547 plura
1180 4464 1256 4528 dant
1268 4464 1423 4548 exempla.
