<?xml version="1.0" encoding="UTF-8"?>
<!DOCTYPE html PUBLIC "-//W3C//DTD XHTML 1.0 Transitional//EN"
    "http://www.w3.org/TR/xhtml1/DTD/xhtml1-transitional.dtd">
<html xmlns="http://www.w3.org/1999/xhtml" xml:lang="en" lang="en">
 <head>
  <title>
</title>
<meta http-equiv="Content-Type" content="text/html;charset=utf-8" />
  <meta name='ocr-system' content='tesseract 3.04.00' />
  <meta name='ocr-capabilities' content='ocr_page ocr_carea ocr_par ocr_line ocrx_word'/>
</head>
<body>
  <div class='ocr_page' id='page_1' title='image "./depraepositioni00nawigoog_0048.png"; bbox 0 0 3400 5212; ppageno 0'>
   <div class='ocr_carea' id='block_1_1' title="bbox 815 482 859 545">
    <p class='ocr_par' dir='ltr' id='par_1_1' title="bbox 815 482 859 545">
     <span class='ocr_line' id='line_1_1' title="bbox 815 482 859 545; baseline 0 0"><span class='ocrx_word' id='word_1_1' title='bbox 815 482 859 545; x_wconf 81' lang='lat'><strong>39</strong></span> 
     </span>
    </p>
   </div>
   <div class='ocr_carea' id='block_1_2' title="bbox 238 665 1494 4505">
    <p class='ocr_par' dir='ltr' id='par_1_2' title="bbox 245 665 1423 1432">
     <span class='ocr_line' id='line_1_2' title="bbox 247 665 1423 754; baseline 0.003 -24"><span class='ocrx_word' id='word_1_2' title='bbox 247 670 276 752; x_wconf 86' lang='lat'><strong>8,</strong></span> <span class='ocrx_word' id='word_1_3' title='bbox 301 669 331 751; x_wconf 87' lang='grc'><strong>3,</strong></span> <span class='ocrx_word' id='word_1_4' title='bbox 355 672 403 747; x_wconf 83' lang='lat'><strong>2):</strong></span> <span class='ocrx_word' id='word_1_5' title='bbox 428 667 479 732; x_wconf 85' lang='grc' dir='ltr'><em>ε’πί</em></span> <span class='ocrx_word' id='word_1_6' title='bbox 502 667 560 742; x_wconf 75' lang='grc' dir='ltr'><strong>τὰς</strong></span> <span class='ocrx_word' id='word_1_7' title='bbox 584 665 680 748; x_wconf 81' lang='grc' dir='ltr'><em>ύύρας,</em></span> <span class='ocrx_word' id='word_1_8' title='bbox 704 666 818 750; x_wconf 85' lang='lat' dir='ltr'><strong>(Anah.</strong></span> <span class='ocrx_word' id='word_1_9' title='bbox 843 669 871 744; x_wconf 89' lang='lat'><strong>6,</strong></span> <span class='ocrx_word' id='word_1_10' title='bbox 894 671 924 750; x_wconf 87' lang='grc'><strong>4,</strong></span> <span class='ocrx_word' id='word_1_11' title='bbox 949 668 1017 748; x_wconf 80' lang='lat' dir='ltr'><strong>le):</strong></span> <span class='ocrx_word' id='word_1_12' title='bbox 1044 666 1097 732; x_wconf 73' lang='grc' dir='ltr'><strong>ἐπὶ</strong></span> <span class='ocrx_word' id='word_1_13' title='bbox 1121 668 1176 743; x_wconf 74' lang='grc' dir='ltr'><em>τίρν</em></span> <span class='ocrx_word' id='word_1_14' title='bbox 1199 668 1313 742; x_wconf 86' lang='grc' dir='ltr'><em>ίνοίαν,</em></span> <span class='ocrx_word' id='word_1_15' title='bbox 1337 670 1423 754; x_wconf 77' lang='lat' dir='ltr'><strong>apud</strong></span> 
     </span>
     <span class='ocr_line' id='line_1_3' title="bbox 245 781 1423 867; baseline 0 -21"><span class='ocrx_word' id='word_1_16' title='bbox 245 781 492 848; x_wconf 79' lang='lat' dir='ltr'><strong>Demosthenem</strong></span> <span class='ocrx_word' id='word_1_17' title='bbox 517 781 659 864; x_wconf 78' lang='lat' dir='ltr'><strong>(Olynth.</strong></span> <span class='ocrx_word' id='word_1_18' title='bbox 684 782 701 843; x_wconf 92' lang='lat'>1</span> <span class='ocrx_word' id='word_1_19' title='bbox 728 782 747 864; x_wconf 80' lang='lat'><strong>§</strong></span> <span class='ocrx_word' id='word_1_20' title='bbox 773 784 820 861; x_wconf 88' lang='lat'><strong>8):</strong></span> <span class='ocrx_word' id='word_1_21' title='bbox 846 781 898 844; x_wconf 73' lang='grc' dir='ltr'><strong>ἐπὶ</strong></span> <span class='ocrx_word' id='word_1_22' title='bbox 925 781 958 845; x_wconf 81' lang='grc' dir='ltr'><strong>τὸ</strong></span> <span class='ocrx_word' id='word_1_23' title='bbox 984 781 1085 860; x_wconf 77' lang='grc' dir='ltr'><em>βῆμα,</em></span> <span class='ocrx_word' id='word_1_24' title='bbox 1111 783 1197 866; x_wconf 88' lang='lat' dir='ltr'><strong>apud</strong></span> <span class='ocrx_word' id='word_1_25' title='bbox 1223 782 1423 867; x_wconf 92' lang='lat' dir='ltr'><strong>Xenophon-</strong></span> 
     </span>
     <span class='ocr_line' id='line_1_4' title="bbox 245 893 1422 980; baseline -0.001 -19"><span class='ocrx_word' id='word_1_26' title='bbox 245 901 309 961; x_wconf 85' lang='lat' dir='ltr'><strong>tem</strong></span> <span class='ocrx_word' id='word_1_27' title='bbox 344 894 429 976; x_wconf 83' lang='lat' dir='ltr'><strong>(Oyr.</strong></span> <span class='ocrx_word' id='word_1_28' title='bbox 454 897 483 977; x_wconf 78' lang='lat'><strong>2,</strong></span> <span class='ocrx_word' id='word_1_29' title='bbox 506 898 537 977; x_wconf 82' lang='lat'><strong>4,</strong></span> <span class='ocrx_word' id='word_1_30' title='bbox 561 897 631 975; x_wconf 75' lang='lat'>21):</span> <span class='ocrx_word' id='word_1_31' title='bbox 664 893 735 974; x_wconf 77' lang='grc' dir='ltr'><em>πρὸς</em></span> <span class='ocrx_word' id='word_1_32' title='bbox 766 893 867 967; x_wconf 77' lang='grc' dir='ltr'><em>αὐτὸν,</em></span> <span class='ocrx_word' id='word_1_33' title='bbox 891 897 977 979; x_wconf 89' lang='lat' dir='ltr'><strong>apud</strong></span> <span class='ocrx_word' id='word_1_34' title='bbox 1001 895 1201 961; x_wconf 89' lang='lat' dir='ltr'><strong>Herodotum</strong></span> <span class='ocrx_word' id='word_1_35' title='bbox 1225 899 1267 980; x_wconf 86' lang='lat'><strong>(6,</strong></span> <span class='ocrx_word' id='word_1_36' title='bbox 1293 899 1364 978; x_wconf 67' lang='lat' dir='ltr'><strong>tet:</strong></span> <span class='ocrx_word' id='word_1_37' title='bbox 1389 898 1422 960; x_wconf 85' lang='grc' dir='ltr'><strong>ἐκ</strong></span> 
     </span>
     <span class='ocr_line' id='line_1_5' title="bbox 246 1007 1422 1094; baseline 0.003 -21"><span class='ocrx_word' id='word_1_38' title='bbox 246 1007 360 1082; x_wconf 77' lang='grc' dir='ltr'><em>ταύτης</em></span> <span class='ocrx_word' id='word_1_39' title='bbox 382 1015 438 1082; x_wconf 76' lang='grc' dir='ltr'><strong>τῆς</strong></span> <span class='ocrx_word' id='word_1_40' title='bbox 461 1007 566 1081; x_wconf 80' lang='grc' dir='ltr'><em>πόλιος</em></span> <span class='ocrx_word' id='word_1_41' title='bbox 589 1009 619 1081; x_wconf 82' lang='grc' dir='ltr'><strong>ἐς</strong></span> <span class='ocrx_word' id='word_1_42' title='bbox 642 1007 758 1081; x_wconf 79' lang='grc' dir='ltr'><em>Ἀσίαν,</em></span> <span class='ocrx_word' id='word_1_43' title='bbox 783 1013 819 1073; x_wconf 91' lang='grc'><strong>111</strong></span> <span class='ocrx_word' id='word_1_44' title='bbox 839 1009 933 1092; x_wconf 85' lang='lat' dir='ltr'><strong>plu&#39;ra</strong></span> <span class='ocrx_word' id='word_1_45' title='bbox 955 1009 1422 1094; x_wconf 78' lang='grc'><strong>81811181881181881808881118</strong></span> 
     </span>
     <span class='ocr_line' id='line_1_6' title="bbox 246 1121 1422 1208; baseline 0 -20"><span class='ocrx_word' id='word_1_46' title='bbox 246 1143 376 1208; x_wconf 87' lang='lat' dir='ltr'><strong>quoque</strong></span> <span class='ocrx_word' id='word_1_47' title='bbox 403 1124 491 1188; x_wconf 88' lang='grc'><strong>111188</strong></span> <span class='ocrx_word' id='word_1_48' title='bbox 514 1142 609 1187; x_wconf 86' lang='lat' dir='ltr'><strong>usum</strong></span> <span class='ocrx_word' id='word_1_49' title='bbox 634 1124 777 1187; x_wconf 84' lang='lat' dir='ltr'><strong>servavit</strong></span> <span class='ocrx_word' id='word_1_50' title='bbox 800 1124 833 1185; x_wconf 88' lang='lat' dir='ltr'><strong>in</strong></span> <span class='ocrx_word' id='word_1_51' title='bbox 859 1122 911 1204; x_wconf 82' lang='lat'><strong>40,</strong></span> <span class='ocrx_word' id='word_1_52' title='bbox 936 1123 987 1200; x_wconf 72' lang='lat'><strong>21,</strong></span> <span class='ocrx_word' id='word_1_53' title='bbox 1011 1125 1047 1184; x_wconf 78' lang='lat'><strong>2:</strong></span> <span class='ocrx_word' id='word_1_54' title='bbox 1075 1121 1146 1202; x_wconf 75' lang='grc' dir='ltr'><em>πρὸς</em></span> <span class='ocrx_word' id='word_1_55' title='bbox 1170 1122 1220 1187; x_wconf 79' lang='grc' dir='ltr'><strong>τὸν</strong></span> <span class='ocrx_word' id='word_1_56' title='bbox 1243 1123 1364 1204; x_wconf 82' lang='grc' dir='ltr'><em>πατέρα</em></span> <span class='ocrx_word' id='word_1_57' title='bbox 1387 1125 1422 1188; x_wconf 82' lang='grc' dir='ltr'><strong>ἐκ</strong></span> 
     </span>
     <span class='ocr_line' id='line_1_7' title="bbox 245 1234 1421 1323; baseline 0.003 -23"><span class='ocrx_word' id='word_1_58' title='bbox 245 1243 300 1310; x_wconf 75' lang='grc' dir='ltr'><strong>τῆς</strong></span> <span class='ocrx_word' id='word_1_59' title='bbox 322 1236 481 1309; x_wconf 74' lang='grc' dir='ltr'><em>Γαλατίας</em></span> <span class='ocrx_word' id='word_1_60' title='bbox 504 1243 602 1316; x_wconf 69' lang='grc' dir='ltr'><em>παρῆν</em></span> <span class='ocrx_word' id='word_1_61' title='bbox 624 1240 826 1320; x_wconf 88' lang='lat' dir='ltr'><strong>(pervenerat</strong></span> <span class='ocrx_word' id='word_1_62' title='bbox 847 1255 891 1300; x_wconf 87' lang='lat' dir='ltr'><strong>ex</strong></span> <span class='ocrx_word' id='word_1_63' title='bbox 915 1234 1020 1300; x_wconf 85' lang='lat' dir='ltr'><strong>Gallia</strong></span> <span class='ocrx_word' id='word_1_64' title='bbox 1040 1236 1080 1300; x_wconf 92' lang='lat' dir='ltr'><strong>ad</strong></span> <span class='ocrx_word' id='word_1_65' title='bbox 1103 1240 1245 1320; x_wconf 84' lang='lat' dir='ltr'><strong>patrem),</strong></span> <span class='ocrx_word' id='word_1_66' title='bbox 1267 1239 1421 1323; x_wconf 90' lang='lat' dir='ltr'><strong>quiidem</strong></span> 
     </span>
     <span class='ocr_line' id='line_1_8' title="bbox 245 1350 1109 1432; baseline -0.003 -17"><span class='ocrx_word' id='word_1_67' title='bbox 245 1371 325 1416; x_wconf 91' lang='lat' dir='ltr'><strong>usus</strong></span> <span class='ocrx_word' id='word_1_68' title='bbox 349 1352 428 1415; x_wconf 89' lang='lat' dir='ltr'><strong>mihi</strong></span> <span class='ocrx_word' id='word_1_69' title='bbox 451 1369 521 1417; x_wconf 89' lang='grc'><strong>8888</strong></span> <span class='ocrx_word' id='word_1_70' title='bbox 545 1351 674 1415; x_wconf 88' lang='lat' dir='ltr'><strong>videtur</strong></span> <span class='ocrx_word' id='word_1_71' title='bbox 697 1355 808 1414; x_wconf 89' lang='lat' dir='ltr'><strong>nostro</strong></span> <span class='ocrx_word' id='word_1_72' title='bbox 831 1351 902 1414; x_wconf 92' lang='grc'><strong>1888</strong></span> <span class='ocrx_word' id='word_1_73' title='bbox 927 1351 991 1432; x_wconf 84' lang='grc'>(50,</span> <span class='ocrx_word' id='word_1_74' title='bbox 1016 1350 1046 1429; x_wconf 91' lang='grc'><strong>9,</strong></span> <span class='ocrx_word' id='word_1_75' title='bbox 1072 1351 1109 1430; x_wconf 81' lang='lat' dir='ltr'><strong>l).</strong></span> 
     </span>
    </p>

    <p class='ocr_par' dir='ltr' id='par_1_3' title="bbox 287 1463 1022 1549">
     <span class='ocr_line' id='line_1_9' title="bbox 287 1463 1022 1549; baseline -0.004 -20"><span class='ocrx_word' id='word_1_76' title='bbox 287 1463 454 1529; x_wconf 77' lang='lat' dir='ltr'><strong>Translate</strong></span> <span class='ocrx_word' id='word_1_77' title='bbox 476 1483 608 1549; x_wconf 89' lang='lat' dir='ltr'><strong>quoque</strong></span> <span class='ocrx_word' id='word_1_78' title='bbox 631 1470 809 1547; x_wconf 88' lang='lat' dir='ltr'><strong>usurpatur</strong></span> <span class='ocrx_word' id='word_1_79' title='bbox 833 1465 885 1545; x_wconf 90' lang='grc'><strong>44,</strong></span> <span class='ocrx_word' id='word_1_80' title='bbox 910 1465 961 1545; x_wconf 78' lang='grc'><strong>24,</strong></span> <span class='ocrx_word' id='word_1_81' title='bbox 985 1465 1022 1526; x_wconf 89' lang='lat'><strong>2:</strong></span> 
     </span>
    </p>

    <p class='ocr_par' dir='ltr' id='par_1_4' title="bbox 289 1571 1307 1658">
     <span class='ocr_line' id='line_1_10' title="bbox 289 1571 1307 1658; baseline 0 -18"><span class='ocrx_word' id='word_1_82' title='bbox 289 1578 319 1650; x_wconf 80' lang='grc' dir='ltr'><strong>ἐς</strong></span> <span class='ocrx_word' id='word_1_83' title='bbox 341 1581 429 1642; x_wconf 80' lang='grc' dir='ltr'><em>τοῦτο</em></span> <span class='ocrx_word' id='word_1_84' title='bbox 453 1581 552 1658; x_wconf 79' lang='grc' dir='ltr'><em>καιροῦ</em></span> <span class='ocrx_word' id='word_1_85' title='bbox 577 1574 682 1641; x_wconf 89' lang='grc' dir='ltr'><em>πύντα</em></span> <span class='ocrx_word' id='word_1_86' title='bbox 706 1577 747 1640; x_wconf 81' lang='grc' dir='ltr'><strong>τίι</strong></span> <span class='ocrx_word' id='word_1_87' title='bbox 771 1574 947 1655; x_wconf 83' lang='grc' dir='ltr'><em>προίγριατα</em></span> <span class='ocrx_word' id='word_1_88' title='bbox 972 1573 1117 1655; x_wconf 83' lang='grc' dir='ltr'><em>πύρεοτιν</em></span> <span class='ocrx_word' id='word_1_89' title='bbox 1140 1571 1237 1640; x_wconf 78' lang='grc' dir='ltr'><em>ι’ίοτε.</em></span> <span class='ocrx_word' id='word_1_90' title='bbox 1254 1624 1261 1640; x_wconf 92' lang='grc'><strong>.</strong></span> <span class='ocrx_word' id='word_1_91' title='bbox 1276 1623 1307 1640; x_wconf 92' lang='grc'><strong>..</strong></span> 
     </span>
    </p>

    <p class='ocr_par' dir='ltr' id='par_1_5' title="bbox 239 1689 1494 3482">
     <span class='ocr_line' id='line_1_11' title="bbox 287 1689 1420 1775; baseline 0 -21"><span class='ocrx_word' id='word_1_92' title='bbox 287 1689 1420 1775; x_wconf 64' lang='grc' dir='ltr'><strong>11888181,8881181888(589,11111818811188888881888περιφίέντα</strong></span> 
     </span>
     <span class='ocr_line' id='line_1_12' title="bbox 244 1801 1419 1889; baseline 0.001 -21"><span class='ocrx_word' id='word_1_93' title='bbox 244 1810 391 1885; x_wconf 81' lang='grc' dir='ltr'><em>παρεῖναι,</em></span> <span class='ocrx_word' id='word_1_94' title='bbox 415 1823 478 1868; x_wconf 93' lang='grc'><strong>888</strong></span> <span class='ocrx_word' id='word_1_95' title='bbox 503 1809 610 1868; x_wconf 83' lang='lat' dir='ltr'><strong>tamen</strong></span> <span class='ocrx_word' id='word_1_96' title='bbox 632 1804 835 1887; x_wconf 90' lang='lat' dir='ltr'><strong>participium</strong></span> <span class='ocrx_word' id='word_1_97' title='bbox 858 1801 1044 1883; x_wconf 75' lang='grc' dir='ltr'><em>πεμφθέντα</em></span> <span class='ocrx_word' id='word_1_98' title='bbox 1056 1804 1212 1867; x_wconf 89' lang='lat' dir='ltr'><strong>omissum</strong></span> <span class='ocrx_word' id='word_1_99' title='bbox 1226 1822 1297 1869; x_wconf 91' lang='lat' dir='ltr'><strong>esse</strong></span> <span class='ocrx_word' id='word_1_100' title='bbox 1309 1807 1419 1889; x_wconf 84' lang='lat' dir='ltr'><strong>quivis</strong></span> 
     </span>
     <span class='ocr_line' id='line_1_13' title="bbox 243 1915 1419 1997; baseline 0.003 -16"><span class='ocrx_word' id='word_1_101' title='bbox 243 1919 412 1996; x_wconf 90' lang='lat' dir='ltr'><strong>concedet;</strong></span> <span class='ocrx_word' id='word_1_102' title='bbox 449 1919 566 1983; x_wconf 84' lang='lat' dir='ltr'><strong>etenim</strong></span> <span class='ocrx_word' id='word_1_103' title='bbox 590 1918 619 1981; x_wconf 93' lang='lat' dir='ltr'><strong>si</strong></span> <span class='ocrx_word' id='word_1_104' title='bbox 642 1915 838 1981; x_wconf 87' lang='lat' dir='ltr'><strong>vocabulum</strong></span> <span class='ocrx_word' id='word_1_105' title='bbox 864 1915 1050 1997; x_wconf 75' lang='grc' dir='ltr'><em>τερφθέντα</em></span> <span class='ocrx_word' id='word_1_106' title='bbox 1074 1919 1230 1982; x_wconf 91' lang='lat' dir='ltr'><strong>omissum</strong></span> <span class='ocrx_word' id='word_1_107' title='bbox 1256 1919 1419 1984; x_wconf 83' lang='lat' dir='ltr'><strong>existime-</strong></span> 
     </span>
     <span class='ocr_line' id='line_1_14' title="bbox 243 2030 1418 2115; baseline 0.001 -21"><span class='ocrx_word' id='word_1_108' title='bbox 243 2051 325 2115; x_wconf 87' lang='lat' dir='ltr'><strong>mus,</strong></span> <span class='ocrx_word' id='word_1_109' title='bbox 360 2032 505 2096; x_wconf 88' lang='lat' dir='ltr'><strong>additum</strong></span> <span class='ocrx_word' id='word_1_110' title='bbox 542 2050 673 2096; x_wconf 88' lang='lat' dir='ltr'><strong>necesse</strong></span> <span class='ocrx_word' id='word_1_111' title='bbox 708 2033 751 2094; x_wconf 94' lang='lat' dir='ltr'><strong>sit</strong></span> <span class='ocrx_word' id='word_1_112' title='bbox 785 2031 968 2112; x_wconf 87' lang='lat' dir='ltr'><strong>articulum,</strong></span> <span class='ocrx_word' id='word_1_113' title='bbox 1000 2035 1036 2094; x_wconf 90' lang='lat' dir='ltr'><strong>nt</strong></span> <span class='ocrx_word' id='word_1_114' title='bbox 1066 2031 1247 2114; x_wconf 84' lang='lat' dir='ltr'><strong>legeremus</strong></span> <span class='ocrx_word' id='word_1_115' title='bbox 1279 2030 1321 2095; x_wconf 79' lang='grc' dir='ltr'><strong>τα</strong></span> <span class='ocrx_word' id='word_1_116' title='bbox 1346 2032 1418 2112; x_wconf 90' lang='grc' dir='ltr'><em>παρ’</em></span> 
     </span>
     <span class='ocr_line' id='line_1_15' title="bbox 242 2143 1417 2228; baseline -0.001 -19"><span class='ocrx_word' id='word_1_117' title='bbox 242 2143 400 2210; x_wconf 85' lang='grc' dir='ltr'><em>Ἀντωνίον</em></span> <span class='ocrx_word' id='word_1_118' title='bbox 424 2143 558 2224; x_wconf 80' lang='grc' dir='ltr'><em>παρόντα</em></span> <span class='ocrx_word' id='word_1_119' title='bbox 582 2143 695 2226; x_wconf 71' lang='grc' dir='ltr'><em>ᾔσθετο.</em></span> <span class='ocrx_word' id='word_1_120' title='bbox 720 2143 902 2209; x_wconf 85' lang='lat' dir='ltr'><strong>Verborum</strong></span> <span class='ocrx_word' id='word_1_121' title='bbox 927 2145 1028 2228; x_wconf 88' lang='lat' dir='ltr'><strong>igitur</strong></span> <span class='ocrx_word' id='word_1_122' title='bbox 1048 2143 1240 2228; x_wconf 84' lang='lat' dir='ltr'><strong>significatio</strong></span> <span class='ocrx_word' id='word_1_123' title='bbox 1260 2146 1339 2209; x_wconf 80' lang='lat' dir='ltr'><strong>haec</strong></span> <span class='ocrx_word' id='word_1_124' title='bbox 1351 2151 1417 2210; x_wconf 83' lang='lat' dir='ltr'><strong>est:</strong></span> 
     </span>
     <span class='ocr_line' id='line_1_16' title="bbox 245 2257 1494 2343; baseline 0.002 -20"><span class='ocrx_word' id='word_1_125' title='bbox 245 2263 435 2343; x_wconf 85' lang='lat' dir='ltr'><strong>„postquam</strong></span> <span class='ocrx_word' id='word_1_126' title='bbox 458 2259 685 2323; x_wconf 88' lang='lat' dir='ltr'><strong>animadvertit</strong></span> <span class='ocrx_word' id='word_1_127' title='bbox 705 2260 860 2342; x_wconf 90' lang='lat' dir='ltr'><strong>pecunias</strong></span> <span class='ocrx_word' id='word_1_128' title='bbox 872 2257 912 2321; x_wconf 89' lang='lat' dir='ltr'><strong>ab</strong></span> <span class='ocrx_word' id='word_1_129' title='bbox 924 2259 1067 2322; x_wconf 89' lang='lat' dir='ltr'><strong>Antonio</strong></span> <span class='ocrx_word' id='word_1_130' title='bbox 1082 2260 1196 2322; x_wconf 87' lang='lat' dir='ltr'><strong>missas</strong></span> <span class='ocrx_word' id='word_1_131' title='bbox 1208 2259 1254 2323; x_wconf 86' lang='lat' dir='ltr'><strong>ibi</strong></span> <span class='ocrx_word' id='word_1_132' title='bbox 1266 2259 1417 2341; x_wconf 87' lang='lat' dir='ltr'><strong>adesse&#39;&#39;;</strong></span> <span class='ocrx_word' id='word_1_133' title='bbox 1491 2289 1494 2294; x_wconf 93' lang='lat'>·</span> 
     </span>
     <span class='ocr_line' id='line_1_17' title="bbox 242 2370 1417 2454; baseline 0.002 -19"><span class='ocrx_word' id='word_1_134' title='bbox 242 2370 463 2437; x_wconf 81' lang='lat' dir='ltr'><strong>conferendus</strong></span> <span class='ocrx_word' id='word_1_135' title='bbox 487 2381 535 2437; x_wconf 92' lang='lat' dir='ltr'><strong>est</strong></span> <span class='ocrx_word' id='word_1_136' title='bbox 558 2373 650 2438; x_wconf 90' lang='lat' dir='ltr'><strong>locus</strong></span> <span class='ocrx_word' id='word_1_137' title='bbox 674 2371 902 2452; x_wconf 75' lang='lat' dir='ltr'><strong>Thucydidem</strong></span> <span class='ocrx_word' id='word_1_138' title='bbox 926 2373 967 2454; x_wconf 82' lang='grc'><strong>18,</strong></span> <span class='ocrx_word' id='word_1_139' title='bbox 995 2374 1023 2454; x_wconf 83' lang='grc'><strong>5,</strong></span> <span class='ocrx_word' id='word_1_140' title='bbox 1047 2373 1098 2449; x_wconf 74' lang='lat' dir='ltr'><strong>dt:</strong></span> <span class='ocrx_word' id='word_1_141' title='bbox 1121 2371 1172 2436; x_wconf 77' lang='grc' dir='ltr'><strong>καὶ</strong></span> <span class='ocrx_word' id='word_1_142' title='bbox 1193 2370 1278 2452; x_wconf 73' lang='grc' dir='ltr'><em>παρὰ</em></span> <span class='ocrx_word' id='word_1_143' title='bbox 1298 2381 1417 2437; x_wconf 85' lang='grc' dir='ltr'><em>Τισσα-</em></span> 
     </span>
     <span class='ocr_line' id='line_1_18' title="bbox 243 2481 1417 2567; baseline 0.003 -18"><span class='ocrx_word' id='word_1_144' title='bbox 243 2483 383 2567; x_wconf 79' lang='grc' dir='ltr'><em>φέρνους.</em></span> <span class='ocrx_word' id='word_1_145' title='bbox 488 2485 679 2566; x_wconf 69' lang='grc' dir='ltr'><em>πρεσβευτὴς</em></span> <span class='ocrx_word' id='word_1_146' title='bbox 709 2481 780 2563; x_wconf 80' lang='grc' dir='ltr'><em>οίρια</em></span> <span class='ocrx_word' id='word_1_147' title='bbox 803 2484 873 2562; x_wconf 82' lang='grc' dir='ltr'><em>μετ’</em></span> <span class='ocrx_word' id='word_1_148' title='bbox 898 2485 997 2549; x_wconf 78' lang='grc' dir='ltr'><em>αὐτῶν</em></span> <span class='ocrx_word' id='word_1_149' title='bbox 1021 2493 1127 2565; x_wconf 78' lang='grc' dir='ltr'><em>παρῆν.</em></span> <span class='ocrx_word' id='word_1_150' title='bbox 1153 2485 1187 2550; x_wconf 83' lang='lat' dir='ltr'><strong>Si</strong></span> <span class='ocrx_word' id='word_1_151' title='bbox 1210 2491 1318 2552; x_wconf 86' lang='grc'><strong>8111818</strong></span> <span class='ocrx_word' id='word_1_152' title='bbox 1343 2486 1417 2552; x_wconf 84' lang='lat' dir='ltr'><strong>Cas·</strong></span> 
     </span>
     <span class='ocr_line' id='line_1_19' title="bbox 241 2599 1417 2682; baseline 0.002 -18"><span class='ocrx_word' id='word_1_153' title='bbox 241 2601 310 2664; x_wconf 91' lang='lat' dir='ltr'><strong>sius</strong></span> <span class='ocrx_word' id='word_1_154' title='bbox 345 2601 432 2664; x_wconf 90' lang='lat' dir='ltr'><strong>hono</strong></span> <span class='ocrx_word' id='word_1_155' title='bbox 466 2601 574 2664; x_wconf 87' lang='lat' dir='ltr'><strong>locum</strong></span> <span class='ocrx_word' id='word_1_156' title='bbox 609 2599 808 2680; x_wconf 81' lang='lat' dir='ltr'><strong>Thucydidis</strong></span> <span class='ocrx_word' id='word_1_157' title='bbox 838 2602 872 2663; x_wconf 93' lang='lat' dir='ltr'><strong>in</strong></span> <span class='ocrx_word' id='word_1_158' title='bbox 906 2605 1014 2665; x_wconf 90' lang='lat' dir='ltr'><strong>mente</strong></span> <span class='ocrx_word' id='word_1_159' title='bbox 1037 2601 1160 2682; x_wconf 86' lang='lat' dir='ltr'><strong>habuit,</strong></span> <span class='ocrx_word' id='word_1_160' title='bbox 1182 2620 1255 2664; x_wconf 91' lang='lat' dir='ltr'><strong>cum</strong></span> <span class='ocrx_word' id='word_1_161' title='bbox 1281 2601 1417 2666; x_wconf 90' lang='lat' dir='ltr'><strong>verbum</strong></span> 
     </span>
     <span class='ocr_line' id='line_1_20' title="bbox 242 2711 1418 2798; baseline 0.003 -22"><span class='ocrx_word' id='word_1_162' title='bbox 242 2719 379 2793; x_wconf 82' lang='grc' dir='ltr'><em>παρεῖναι</em></span> <span class='ocrx_word' id='word_1_163' title='bbox 402 2715 613 2798; x_wconf 89' lang='lat' dir='ltr'><strong>coniungeret</strong></span> <span class='ocrx_word' id='word_1_164' title='bbox 636 2732 709 2778; x_wconf 90' lang='lat' dir='ltr'><strong>cnm</strong></span> <span class='ocrx_word' id='word_1_165' title='bbox 729 2715 965 2797; x_wconf 82' lang='lat' dir='ltr'><strong>praepositione</strong></span> <span class='ocrx_word' id='word_1_166' title='bbox 985 2711 1080 2794; x_wconf 81' lang='grc' dir='ltr'><em>παρα,</em></span> <span class='ocrx_word' id='word_1_167' title='bbox 1093 2733 1158 2778; x_wconf 90' lang='grc'><strong>888</strong></span> <span class='ocrx_word' id='word_1_168' title='bbox 1171 2720 1258 2780; x_wconf 83' lang='grc'><strong>18818</strong></span> <span class='ocrx_word' id='word_1_169' title='bbox 1271 2718 1418 2781; x_wconf 88' lang='lat' dir='ltr'><strong>meminit</strong></span> 
     </span>
     <span class='ocr_line' id='line_1_21' title="bbox 240 2825 1415 2911; baseline 0.003 -21"><span class='ocrx_word' id='word_1_170' title='bbox 240 2827 312 2909; x_wconf 88' lang='grc'><strong>1881,</strong></span> <span class='ocrx_word' id='word_1_171' title='bbox 342 2829 418 2911; x_wconf 89' lang='grc'><strong>8818</strong></span> <span class='ocrx_word' id='word_1_172' title='bbox 441 2829 475 2891; x_wconf 91' lang='grc'><strong>18</strong></span> <span class='ocrx_word' id='word_1_173' title='bbox 498 2827 647 2911; x_wconf 85' lang='lat' dir='ltr'><strong>exemplo</strong></span> <span class='ocrx_word' id='word_1_174' title='bbox 671 2827 801 2891; x_wconf 91' lang='lat' dir='ltr'><strong>laudato</strong></span> <span class='ocrx_word' id='word_1_175' title='bbox 822 2827 1029 2908; x_wconf 77' lang='lat' dir='ltr'><strong>Thucydideo</strong></span> <span class='ocrx_word' id='word_1_176' title='bbox 1053 2847 1094 2892; x_wconf 84' lang='lat' dir='ltr'><strong>ex</strong></span> <span class='ocrx_word' id='word_1_177' title='bbox 1120 2828 1227 2892; x_wconf 86' lang='lat' dir='ltr'><strong>verbis</strong></span> <span class='ocrx_word' id='word_1_178' title='bbox 1250 2825 1320 2906; x_wconf 78' lang='grc' dir='ltr'><em>ι’ίρια</em></span> <span class='ocrx_word' id='word_1_179' title='bbox 1344 2831 1415 2907; x_wconf 80' lang='grc' dir='ltr'><em>μετ’</em></span> 
     </span>
     <span class='ocr_line' id='line_1_22' title="bbox 240 2941 1416 3027; baseline 0.003 -23"><span class='ocrx_word' id='word_1_180' title='bbox 240 2941 336 3006; x_wconf 79' lang='grc' dir='ltr'><em>αὐτῶν</em></span> <span class='ocrx_word' id='word_1_181' title='bbox 371 2941 540 3006; x_wconf 85' lang='grc'><strong>8188118818</strong></span> <span class='ocrx_word' id='word_1_182' title='bbox 574 2947 713 3025; x_wconf 83' lang='lat' dir='ltr'><strong>apparet,</strong></span> <span class='ocrx_word' id='word_1_183' title='bbox 744 2941 881 3006; x_wconf 88' lang='lat' dir='ltr'><strong>verbum</strong></span> <span class='ocrx_word' id='word_1_184' title='bbox 914 2947 1050 3021; x_wconf 82' lang='grc' dir='ltr'><em>παρεῖναι</em></span> <span class='ocrx_word' id='word_1_185' title='bbox 1082 2942 1270 3025; x_wconf 87' lang='lat' dir='ltr'><strong>simpliciter</strong></span> <span class='ocrx_word' id='word_1_186' title='bbox 1294 2944 1416 3027; x_wconf 84' lang='lat' dir='ltr'><strong>signiti-</strong></span> 
     </span>
     <span class='ocr_line' id='line_1_23' title="bbox 240 3055 1417 3140; baseline 0.003 -22"><span class='ocrx_word' id='word_1_187' title='bbox 240 3073 313 3120; x_wconf 86' lang='lat' dir='ltr'><strong>care</strong></span> <span class='ocrx_word' id='word_1_188' title='bbox 345 3056 512 3120; x_wconf 90' lang='lat' dir='ltr'><strong>adesse</strong></span> <span class='ocrx_word' id='word_1_189' title='bbox 546 3058 623 3136; x_wconf 83' lang='lat' dir='ltr'><strong>(una</strong></span> <span class='ocrx_word' id='word_1_190' title='bbox 657 3073 732 3118; x_wconf 91' lang='grc'><strong>8818</strong></span> <span class='ocrx_word' id='word_1_191' title='bbox 768 3055 809 3118; x_wconf 88' lang='grc'><strong>118</strong></span> <span class='ocrx_word' id='word_1_192' title='bbox 845 3055 955 3119; x_wconf 86' lang='lat' dir='ltr'><strong>aderat</strong></span> <span class='ocrx_word' id='word_1_193' title='bbox 988 3055 1125 3138; x_wconf 82' lang='lat' dir='ltr'><strong>legatus,</strong></span> <span class='ocrx_word' id='word_1_194' title='bbox 1157 3075 1175 3118; x_wconf 92' lang='lat' dir='ltr'><strong>a</strong></span> <span class='ocrx_word' id='word_1_195' title='bbox 1205 3055 1417 3140; x_wconf 87' lang='lat' dir='ltr'><strong>Tissapherne</strong></span> 
     </span>
     <span class='ocr_line' id='line_1_24' title="bbox 239 3166 1415 3252; baseline 0.004 -22"><span class='ocrx_word' id='word_1_196' title='bbox 239 3167 430 3252; x_wconf 83' lang='lat' dir='ltr'><strong>profectus);</strong></span> <span class='ocrx_word' id='word_1_197' title='bbox 466 3169 659 3252; x_wconf 91' lang='lat' dir='ltr'><strong>praepositio</strong></span> <span class='ocrx_word' id='word_1_198' title='bbox 693 3169 780 3232; x_wconf 93' lang='lat' dir='ltr'><strong>enim</strong></span> <span class='ocrx_word' id='word_1_199' title='bbox 816 3166 901 3248; x_wconf 79' lang='grc' dir='ltr'><em>παρα</em></span> <span class='ocrx_word' id='word_1_200' title='bbox 936 3169 1015 3232; x_wconf 89' lang='lat' dir='ltr'><strong>mihi</strong></span> <span class='ocrx_word' id='word_1_201' title='bbox 1044 3169 1184 3252; x_wconf 90' lang='lat' dir='ltr'><strong>pendere</strong></span> <span class='ocrx_word' id='word_1_202' title='bbox 1214 3170 1343 3235; x_wconf 81' lang='lat' dir='ltr'><strong>videtur</strong></span> <span class='ocrx_word' id='word_1_203' title='bbox 1373 3191 1415 3236; x_wconf 85' lang='lat' dir='ltr'><strong>ex</strong></span> 
     </span>
     <span class='ocr_line' id='line_1_25' title="bbox 240 3279 1415 3370; baseline 0.005 -25"><span class='ocrx_word' id='word_1_204' title='bbox 240 3282 442 3346; x_wconf 87' lang='lat' dir='ltr'><strong>substantivo</strong></span> <span class='ocrx_word' id='word_1_205' title='bbox 466 3279 655 3361; x_wconf 71' lang='grc' dir='ltr'><em>πρεσβευτὴς</em></span> <span class='ocrx_word' id='word_1_206' title='bbox 678 3282 797 3344; x_wconf 90' lang='grc'><strong>8181888</strong></span> <span class='ocrx_word' id='word_1_207' title='bbox 822 3281 919 3345; x_wconf 90' lang='lat' dir='ltr'><strong>verbo</strong></span> <span class='ocrx_word' id='word_1_208' title='bbox 943 3282 1102 3363; x_wconf 83' lang='lat' dir='ltr'><strong>veniendi,</strong></span> <span class='ocrx_word' id='word_1_209' title='bbox 1122 3284 1216 3348; x_wconf 89' lang='lat' dir='ltr'><strong>cuius</strong></span> <span class='ocrx_word' id='word_1_210' title='bbox 1237 3288 1415 3370; x_wconf 91' lang='lat' dir='ltr'><strong>nsusapud</strong></span> 
     </span>
     <span class='ocr_line' id='line_1_26' title="bbox 239 3393 1415 3482; baseline 0.004 -23"><span class='ocrx_word' id='word_1_211' title='bbox 239 3393 376 3459; x_wconf 91' lang='lat' dir='ltr'><strong>Dionem</strong></span> <span class='ocrx_word' id='word_1_212' title='bbox 402 3414 532 3479; x_wconf 89' lang='lat' dir='ltr'><strong>quoqne</strong></span> <span class='ocrx_word' id='word_1_213' title='bbox 555 3394 702 3478; x_wconf 90' lang='lat' dir='ltr'><strong>exempla</strong></span> <span class='ocrx_word' id='word_1_214' title='bbox 724 3399 862 3476; x_wconf 86' lang='lat' dir='ltr'><strong>exstant,</strong></span> <span class='ocrx_word' id='word_1_215' title='bbox 883 3394 922 3458; x_wconf 93' lang='lat' dir='ltr'><strong>de</strong></span> <span class='ocrx_word' id='word_1_216' title='bbox 943 3393 1155 3477; x_wconf 88' lang='lat' dir='ltr'><strong>quibusalias</strong></span> <span class='ocrx_word' id='word_1_217' title='bbox 1168 3397 1415 3482; x_wconf 89' lang='lat' dir='ltr'><strong>disputabimus.</strong></span> 
     </span>
    </p>

    <p class='ocr_par' dir='ltr' id='par_1_6' title="bbox 238 3506 1414 4160">
     <span class='ocr_line' id='line_1_27' title="bbox 284 3506 1414 3588; baseline 0.003 -14"><span class='ocrx_word' id='word_1_218' title='bbox 284 3508 368 3574; x_wconf 84' lang='lat' dir='ltr'><strong>Satis</strong></span> <span class='ocrx_word' id='word_1_219' title='bbox 392 3510 520 3574; x_wconf 90' lang='lat' dir='ltr'><strong>locutus</strong></span> <span class='ocrx_word' id='word_1_220' title='bbox 544 3509 584 3574; x_wconf 91' lang='lat' dir='ltr'><strong>de</strong></span> <span class='ocrx_word' id='word_1_221' title='bbox 607 3508 706 3573; x_wconf 88' lang='lat' dir='ltr'><strong>verbo</strong></span> <span class='ocrx_word' id='word_1_222' title='bbox 730 3513 867 3587; x_wconf 82' lang='grc' dir='ltr'><em>παρεῖναι</em></span> <span class='ocrx_word' id='word_1_223' title='bbox 893 3506 978 3588; x_wconf 88' lang='grc' dir='ltr'><em>παροί</em></span> <span class='ocrx_word' id='word_1_224' title='bbox 1002 3532 1079 3582; x_wconf 81' lang='grc' dir='ltr'><em>τινος</em></span> <span class='ocrx_word' id='word_1_225' title='bbox 1102 3515 1261 3576; x_wconf 91' lang='lat' dir='ltr'><strong>transeam</strong></span> <span class='ocrx_word' id='word_1_226' title='bbox 1283 3512 1323 3576; x_wconf 88' lang='lat' dir='ltr'><strong>ad</strong></span> <span class='ocrx_word' id='word_1_227' title='bbox 1344 3532 1414 3577; x_wconf 87' lang='lat' dir='ltr'><strong>ver·</strong></span> 
     </span>
     <span class='ocr_line' id='line_1_28' title="bbox 240 3619 1409 3702; baseline 0.003 -16"><span class='ocrx_word' id='word_1_228' title='bbox 240 3622 316 3686; x_wconf 93' lang='lat' dir='ltr'><strong>hum</strong></span> <span class='ocrx_word' id='word_1_229' title='bbox 350 3622 367 3685; x_wconf 88' lang='lat' dir='ltr'><strong>f</strong></span> <span class='ocrx_word' id='word_1_230' title='bbox 375 3622 539 3687; x_wconf 91' lang='lat' dir='ltr'><strong>erendi</strong></span> <span class='ocrx_word' id='word_1_231' title='bbox 574 3619 703 3702; x_wconf 80' lang='grc' dir='ltr'><em>(φέρειν).</em></span> <span class='ocrx_word' id='word_1_232' title='bbox 736 3619 840 3685; x_wconf 83' lang='lat' dir='ltr'><strong>Sicuti</strong></span> <span class='ocrx_word' id='word_1_233' title='bbox 871 3621 1006 3685; x_wconf 84' lang='lat' dir='ltr'><strong>verbum</strong></span> <span class='ocrx_word' id='word_1_234' title='bbox 1040 3620 1177 3699; x_wconf 81' lang='grc' dir='ltr'><em>πέμπειν</em></span> <span class='ocrx_word' id='word_1_235' title='bbox 1208 3625 1409 3689; x_wconf 80' lang='lat' dir='ltr'><strong>causativum</strong></span> 
     </span>
     <span class='ocr_line' id='line_1_29' title="bbox 239 3733 1414 3820; baseline 0.004 -21"><span class='ocrx_word' id='word_1_236' title='bbox 239 3736 303 3800; x_wconf 91' lang='lat' dir='ltr'><strong>dici</strong></span> <span class='ocrx_word' id='word_1_237' title='bbox 325 3741 430 3820; x_wconf 88' lang='lat' dir='ltr'><strong>potest</strong></span> <span class='ocrx_word' id='word_1_238' title='bbox 452 3738 504 3799; x_wconf 81' lang='grc' dir='ltr'><strong>τοῦ</strong></span> <span class='ocrx_word' id='word_1_239' title='bbox 530 3733 602 3798; x_wconf 82' lang='grc' dir='ltr'><em>ίίναι</em></span> <span class='ocrx_word' id='word_1_240' title='bbox 626 3735 670 3798; x_wconf 87' lang='grc'><strong>118</strong></span> <span class='ocrx_word' id='word_1_241' title='bbox 691 3734 758 3798; x_wconf 84' lang='grc'><strong>1818</strong></span> <span class='ocrx_word' id='word_1_242' title='bbox 780 3735 880 3817; x_wconf 90' lang='lat' dir='ltr'><strong>recipi</strong></span> <span class='ocrx_word' id='word_1_243' title='bbox 900 3736 1017 3819; x_wconf 91' lang='lat' dir='ltr'><strong>poterit</strong></span> <span class='ocrx_word' id='word_1_244' title='bbox 1036 3735 1169 3800; x_wconf 87' lang='lat' dir='ltr'><strong>verbum</strong></span> <span class='ocrx_word' id='word_1_245' title='bbox 1192 3735 1414 3817; x_wconf 71' lang='grc'><strong>8888118111</strong></span> 
     </span>
     <span class='ocr_line' id='line_1_30' title="bbox 240 3846 1412 3937; baseline 0.004 -25"><span class='ocrx_word' id='word_1_246' title='bbox 240 3848 364 3929; x_wconf 76' lang='grc' dir='ltr'><em>πέμψαν</em></span> <span class='ocrx_word' id='word_1_247' title='bbox 387 3851 528 3914; x_wconf 89' lang='lat' dir='ltr'><strong>rationes</strong></span> <span class='ocrx_word' id='word_1_248' title='bbox 552 3853 683 3914; x_wconf 90' lang='lat' dir='ltr'><strong>secutus</strong></span> <span class='ocrx_word' id='word_1_249' title='bbox 707 3847 782 3911; x_wconf 90' lang='lat' dir='ltr'><strong>huic</strong></span> <span class='ocrx_word' id='word_1_250' title='bbox 806 3867 937 3932; x_wconf 90' lang='lat' dir='ltr'><strong>quoque</strong></span> <span class='ocrx_word' id='word_1_251' title='bbox 961 3848 1059 3912; x_wconf 88' lang='lat' dir='ltr'><strong>verbo</strong></span> <span class='ocrx_word' id='word_1_252' title='bbox 1081 3846 1286 3914; x_wconf 78' lang='lat' dir='ltr'><strong>CassiusDio</strong></span> <span class='ocrx_word' id='word_1_253' title='bbox 1300 3873 1412 3937; x_wconf 90' lang='lat' dir='ltr'><strong>qnam-</strong></span> 
     </span>
     <span class='ocr_line' id='line_1_31' title="bbox 239 3960 1413 4046; baseline 0.005 -21"><span class='ocrx_word' id='word_1_254' title='bbox 239 3965 289 4028; x_wconf 88' lang='lat' dir='ltr'><strong>vis</strong></span> <span class='ocrx_word' id='word_1_255' title='bbox 322 3965 421 4028; x_wconf 89' lang='lat' dir='ltr'><strong>semei</strong></span> <span class='ocrx_word' id='word_1_256' title='bbox 456 3968 580 4027; x_wconf 89' lang='lat' dir='ltr'><strong>tantum</strong></span> <span class='ocrx_word' id='word_1_257' title='bbox 612 3963 880 4046; x_wconf 90' lang='lat' dir='ltr'><strong>praepositionem</strong></span> <span class='ocrx_word' id='word_1_258' title='bbox 914 3960 999 4041; x_wconf 86' lang='grc' dir='ltr'><em>παρίι</em></span> <span class='ocrx_word' id='word_1_259' title='bbox 1029 3980 1103 4025; x_wconf 89' lang='lat' dir='ltr'><strong>cum</strong></span> <span class='ocrx_word' id='word_1_260' title='bbox 1134 3965 1276 4046; x_wconf 84' lang='lat' dir='ltr'><strong>genitivo</strong></span> <span class='ocrx_word' id='word_1_261' title='bbox 1300 3966 1413 4030; x_wconf 88' lang='lat' dir='ltr'><strong>adiun-</strong></span> 
     </span>
     <span class='ocr_line' id='line_1_32' title="bbox 238 4076 1191 4160; baseline 0 -20"><span class='ocrx_word' id='word_1_262' title='bbox 238 4078 327 4142; x_wconf 83' lang='lat' dir='ltr'><strong>xisse</strong></span> <span class='ocrx_word' id='word_1_263' title='bbox 349 4077 517 4141; x_wconf 91' lang='lat' dir='ltr'><strong>nonnullis</strong></span> <span class='ocrx_word' id='word_1_264' title='bbox 540 4076 675 4140; x_wconf 87' lang='lat' dir='ltr'><strong>fortasse</strong></span> <span class='ocrx_word' id='word_1_265' title='bbox 698 4076 836 4158; x_wconf 83' lang='lat' dir='ltr'><strong>videtur,</strong></span> <span class='ocrx_word' id='word_1_266' title='bbox 860 4095 978 4160; x_wconf 90' lang='lat' dir='ltr'><strong>nempe</strong></span> <span class='ocrx_word' id='word_1_267' title='bbox 1002 4078 1054 4158; x_wconf 81' lang='grc'><strong>81,</strong></span> <span class='ocrx_word' id='word_1_268' title='bbox 1080 4076 1130 4158; x_wconf 89' lang='lat' dir='ltr'><strong>ll,</strong></span> <span class='ocrx_word' id='word_1_269' title='bbox 1156 4079 1191 4140; x_wconf 83' lang='lat'><strong>3:</strong></span> 
     </span>
    </p>

    <p class='ocr_par' dir='ltr' id='par_1_7' title="bbox 240 4187 1412 4505">
     <span class='ocr_line' id='line_1_33' title="bbox 284 4187 1412 4270; baseline 0.003 -15"><span class='ocrx_word' id='word_1_270' title='bbox 284 4190 317 4255; x_wconf 78' lang='grc' dir='ltr'><strong>τὸ</strong></span> <span class='ocrx_word' id='word_1_271' title='bbox 341 4196 444 4255; x_wconf 80' lang='grc' dir='ltr'><em>πλοῖον</em></span> <span class='ocrx_word' id='word_1_272' title='bbox 467 4188 500 4254; x_wconf 77' lang='grc' dir='ltr'><strong>τὸ</strong></span> <span class='ocrx_word' id='word_1_273' title='bbox 524 4190 578 4264; x_wconf 69' lang='grc' dir='ltr'><strong>τὴν</strong></span> <span class='ocrx_word' id='word_1_274' title='bbox 601 4187 754 4266; x_wconf 79' lang='grc' dir='ltr'><em>ύγγελίαν</em></span> <span class='ocrx_word' id='word_1_275' title='bbox 777 4189 819 4269; x_wconf 84' lang='grc' dir='ltr'><strong>τῷ</strong></span> <span class='ocrx_word' id='word_1_276' title='bbox 840 4188 971 4269; x_wconf 73' lang='grc' dir='ltr'><em>Τιβερίῳ</em></span> <span class='ocrx_word' id='word_1_277' title='bbox 996 4196 1051 4264; x_wconf 78' lang='grc' dir='ltr'><strong>τῆς</strong></span> <span class='ocrx_word' id='word_1_278' title='bbox 1073 4189 1103 4261; x_wconf 80' lang='grc' dir='ltr'><strong>ἐς</strong></span> <span class='ocrx_word' id='word_1_279' title='bbox 1122 4190 1177 4264; x_wconf 72' lang='grc' dir='ltr'><strong>τὴν</strong></span> <span class='ocrx_word' id='word_1_280' title='bbox 1201 4190 1315 4270; x_wconf 79' lang='grc' dir='ltr'><em>Ῥύρινρν</em></span> <span class='ocrx_word' id='word_1_281' title='bbox 1338 4194 1412 4258; x_wconf 86' lang='grc' dir='ltr'><em>οίνα-</em></span> 
     </span>
     <span class='ocr_line' id='line_1_34' title="bbox 240 4300 1412 4390; baseline 0.002 -22"><span class='ocrx_word' id='word_1_282' title='bbox 240 4304 364 4381; x_wconf 73' lang='grc' dir='ltr'><em>κομιδῆς</em></span> <span class='ocrx_word' id='word_1_283' title='bbox 388 4301 472 4383; x_wconf 88' lang='grc' dir='ltr'><em>παροί</em></span> <span class='ocrx_word' id='word_1_284' title='bbox 496 4326 530 4366; x_wconf 90' lang='grc' dir='ltr'><strong>τε</strong></span> <span class='ocrx_word' id='word_1_285' title='bbox 553 4309 609 4376; x_wconf 76' lang='grc' dir='ltr'><strong>τῆς</strong></span> <span class='ocrx_word' id='word_1_286' title='bbox 632 4300 743 4382; x_wconf 74' lang='grc' dir='ltr'><em>μητρὸς</em></span> <span class='ocrx_word' id='word_1_287' title='bbox 766 4301 818 4365; x_wconf 76' lang='grc' dir='ltr'><strong>καὶ</strong></span> <span class='ocrx_word' id='word_1_288' title='bbox 845 4300 930 4383; x_wconf 81' lang='grc' dir='ltr'><em>παρα</em></span> <span class='ocrx_word' id='word_1_289' title='bbox 952 4305 1004 4366; x_wconf 79' lang='grc' dir='ltr'><strong>τοῦ</strong></span> <span class='ocrx_word' id='word_1_290' title='bbox 1023 4300 1200 4379; x_wconf 71' lang='grc' dir='ltr'><em>Αὐγούστου</em></span> <span class='ocrx_word' id='word_1_291' title='bbox 1213 4304 1302 4387; x_wconf 79' lang='grc' dir='ltr'><em>φέρον</em></span> <span class='ocrx_word' id='word_1_292' title='bbox 1315 4355 1322 4372; x_wconf 92' lang='grc'><strong>.</strong></span> <span class='ocrx_word' id='word_1_293' title='bbox 1337 4356 1345 4371; x_wconf 93' lang='grc'><strong>.</strong></span> <span class='ocrx_word' id='word_1_294' title='bbox 1360 4355 1367 4370; x_wconf 94' lang='grc'><strong>.</strong></span> <span class='ocrx_word' id='word_1_295' title='bbox 1384 4355 1412 4390; x_wconf 91' lang='grc'><strong>.,</strong></span> 
     </span>
     <span class='ocr_line' id='line_1_35' title="bbox 240 4415 1411 4505; baseline 0.003 -22"><span class='ocrx_word' id='word_1_296' title='bbox 240 4418 358 4503; x_wconf 86' lang='grc'><strong>8811188</strong></span> <span class='ocrx_word' id='word_1_297' title='bbox 392 4418 541 4503; x_wconf 88' lang='lat' dir='ltr'><strong>equidem</strong></span> <span class='ocrx_word' id='word_1_298' title='bbox 577 4416 768 4500; x_wconf 87' lang='lat' dir='ltr'><strong>adstipulari</strong></span> <span class='ocrx_word' id='word_1_299' title='bbox 798 4436 865 4482; x_wconf 91' lang='lat' dir='ltr'><strong>nou</strong></span> <span class='ocrx_word' id='word_1_300' title='bbox 888 4436 1029 4501; x_wconf 89' lang='lat' dir='ltr'><strong>possum.</strong></span> <span class='ocrx_word' id='word_1_301' title='bbox 1055 4415 1138 4481; x_wconf 85' lang='lat' dir='ltr'><strong>Sunt</strong></span> <span class='ocrx_word' id='word_1_302' title='bbox 1162 4438 1240 4484; x_wconf 89' lang='lat' dir='ltr'><strong>sane</strong></span> <span class='ocrx_word' id='word_1_303' title='bbox 1263 4422 1411 4505; x_wconf 85' lang='lat' dir='ltr'><strong>exempla</strong></span> 
     </span>
    </p>
   </div>
   <div class='ocr_carea' id='block_1_3' title="bbox 0 0 1704 5212">
    <p class='ocr_par' dir='ltr' id='par_1_8' title="bbox 0 0 1704 5212">
     <span class='ocr_line' id='line_1_36' title="bbox 0 0 1704 5212; baseline 0 4"><span class='ocrx_word' id='word_1_304' title='bbox 0 0 1704 5212; x_wconf 95' lang='lat' dir='ltr'><strong> </strong></span> 
     </span>
    </p>
   </div>
  </div>
 </body>
</html>
