3378 5212
806 539 869 603 111

252 728 434 793 mosthenes
454 728 485 791 in
506 729 596 812 epist.
609 727 654 811 (2,
668 727 719 811 3):
741 732 796 799 τῆς
817 725 902 806 napa
922 731 984 798 σοῖς
1002 723 1161 804 ἀνθρώποις
1179 722 1324 799 εὐδοξίοος,
1340 744 1423 809 quae

251 842 369 905 locutio
393 847 525 905 eatenus
548 862 567 905 a
590 854 699 906 nostra
719 842 822 906 differt
843 846 879 905 ut
891 841 1083 925 praepositio
1097 837 1182 918 napa
1192 858 1266 902 cum
1278 839 1422 922 genitivo

250 956 370 1020 indicet
394 961 615 1038 auctorem,
639 957 831 1040 praepositio
844 961 951 1019 autem
965 973 1037 1018 cum
1053 954 1160 1018 dativo
1174 953 1267 1037 quasi
1286 953 1422 1017 locum

251 1068 409 1153 significet
433 1068 488 1132 ubi
512 1071 585 1154 quis
608 1069 761 1133 laudibus
783 1069 921 1148 tollitur3
945 1069 1030 1132 idem
1050 1069 1183 1132 interest
1202 1069 1286 1131 inter
1297 1071 1423 1130 nostras

250 1183 443 1247 locutiones:
469 1182 516 1246 lot
539 1203 621 1246 van
654 1184 692 1247 de
716 1183 890 1246 menschen
914 1187 1011 1266 atque
1034 1181 1082 1245 lof
1111 1181 1161 1264 bij
1186 1181 1225 1245 de
1249 1181 1421 1245 menschen

251 1296 299 1376 (cf.
324 1317 394 1380 pag.
420 1297 480 1377 19).

295 1407 557 1488 εὐεργεσίαι
594 1409 648 1491 36,
672 1408 726 1492 25,
753 1409 789 1470 l:
815 1413 884 1479 τοῖς
907 1405 990 1488 σοοροδ
1013 1411 1068 1470 σῶν
1089 1409 1219 1470 πολιτῶν
1231 1404 1420 1486 εὐεργεσίαις.

296 1519 639 1603 Φιλοονίρωσίοιι
683 1522 736 1604 45,
772 1523 826 1604 23,
863 1523 899 1585 3:
944 1529 982 1601 τῇ
1027 1516 1241 1602 Φιλοονίροισίςι
1275 1527 1312 1600 τῇ
1349 1519 1420 1599 παρ’

251 1636 420 1714 ὑμῶν...
454 1633 636 1715 χρώσυσίοιι,
671 1636 724 1718 50,
757 1635 811 1719 26,
844 1635 883 1698 b:
914 1640 969 1707 τῆς
994 1633 1064 1713 παρ’
1089 1632 1171 1710 ἡμῶν
1195 1631 1423 1714 Φιλοινίριοοιίοος

250 1753 325 1833 (quo
356 1751 427 1813 loco
462 1749 555 1813 facile
591 1749 738 1812 videmus
772 1749 823 1811 hic
848 1749 977 1831 quidem
1003 1766 1116 1831 parum
1140 1750 1197 1810 aut
1220 1746 1301 1809 nihil
1324 1748 1422 1810 inter·

250 1882 320 1928 csse
361 1864 444 1927 inter
488 1863 662 1926 adhibitam
705 1863 974 1946 praepositionem
1017 1864 1114 1944 atque
1150 1860 1312 1942 omissam,
1346 1879 1421 1923 nam

250 1976 407 2040 antecedit
442 1977 562 2041 locutio
597 1981 652 2048 τῆς
683 1974 831 2056 ἡμετέρης
866 1972 1036 2057 εὐεργεσίας
1067 1995 1124 2059 pro
1156 1995 1221 2060 qua
1245 1975 1299 2059 36,
1324 1976 1377 2059 25,
1404 1977 1419 2038 1

249 2092 376 2174 scripsit
411 2095 480 2162 σοιῖς
516 2089 600 2169 σοοροὶ
635 2091 691 2152 τῶν
728 2091 860 2154 πολιτῶν
894 2086 1086 2169 εὐεργεσίαις.
1122 2089 1278 2153 Variandi
1312 2091 1422 2173 itaque

249 2224 347 2268 eausa
379 2209 411 2268 et
434 2204 485 2266 hic
509 2210 542 2268 et
565 2205 694 2288 saepius
717 2201 779 2267 Dio
802 2202 950 2268 adhibuit
972 2205 1240 2286 praepositionem
1264 2203 1422 2268 eiusmodi

248 2317 488 2401 locutionibus).

296 2429 454 2511 γυίοιςε
486 2431 540 2514 42,
560 2431 614 2513 31,
636 2431 674 2493 2;
702 2435 756 2502 τῆς
780 2427 866 2510 πυροὶ
891 2432 943 2493 τοῦ
964 2427 1096 2502 πλήθους
1117 2427 1243 2509 γοίριτος
1263 2429 1419 2510 (οὐκ)

248 2544 388 2608 ἐκοινώνει
411 2545 437 2608 οἱ
460 2550 541 2628 (opp.
566 2550 621 2616 τῆς
645 2543 729 2624 σοορίι
754 2547 810 2608 τῶν
831 2544 1000 2622 βουλευτῶν
1012 2541 1113 2615 οοίσίοος
1125 2542 1159 2607 τί
1173 2549 1317 2608 πλεῖστον
1329 2568 1419 2622 μεσε-

249 2656 414 2740 λώμβοινε),
434 2658 490 2723 ubi
515 2660 608 2722 etiam
634 2660 826 2742 praepositio
851 2656 935 2736 σοιρδο
955 2658 1021 2722 fere
1034 2677 1272 2741 supervacanea
1285 2659 1419 2724 videtur.

292 2771 558 2849 συγγνώμης
595 2773 648 2855 42,
688 2773 739 2854 13,
774 2772 811 2835 4;
849 2779 904 2846 τῆς
935 2772 1007 2851 παρ’
1031 2772 1124 2835 αὐτοῦ
1149 2769 1331 2849 συγγνώμης
1351 2773 1420 2851 (ubi

247 2889 451 2971 participium
487 2883 641 2963 διδομένης
676 2886 817 2970 suppleri
852 2891 955 2969 potest
980 2886 1094 2950 collato
1118 2887 1154 2950 fr.
1180 2887 1233 2969 36,
1260 2887 1318 2950 17:
1343 2909 1418 2965 συγ-

247 2998 350 3078 γνώμη
374 2998 426 3063 κοοὶ
451 2998 535 3080 σοοροδ
559 3000 625 3063 θεῶν
649 2999 700 3063 aa}
727 2998 810 3079 σοιρώ
834 2997 988 3080 ώνίρώσιον
1012 2999 1152 3083 δίδοσοιι).

292 3117 319 3194 Φ
334 3138 342 3176 ι
355 3128 374 3177 λ
389 3111 452 3176 ia:
490 3114 543 3195 36,
568 3114 621 3196 29,
646 3114 683 3176 2;
706 3112 760 3186 την
782 3111 865 3192 napa
888 3115 945 3176 τῶν
958 3111 1099 3177 σλείονοον
1112 3111 1233 3194 φιλίην,
1246 3116 1300 3199 37,
1315 3116 1367 3198 12,
1380 3117 1417 3179 2:

246 3229 316 3290 οίνευ
340 3234 394 3301 τῆς
417 3227 489 3306 παρ’
513 3227 612 3290 οούτών
637 3225 758 3306 Φιλίοις.

291 3337 443 3404 atria:
479 3341 542 3405 vid.
579 3338 641 3404 sub
677 3337 767 3418 γυίοις
802 3340 855 3422 42,
887 3341 942 3423 31,
966 3342 986 3404 2
1009 3340 1108 3425 (quae
1131 3342 1228 3406 verba
1250 3343 1295 3406 ita
1318 3343 1418 3427 expli-

243 3453 347 3516 canda
381 3458 474 3516 sunt:
508 3453 650 3516 favorem
683 3473 702 3516 a
735 3454 846 3537 populi
866 3459 956 3537 parte
980 3458 1149 3535 <non>
1174 3475 1248 3520 cum
1272 3475 1309 3520 eo
1333 3475 1417 3520 conr·

246 3586 374 3630 munem
412 3566 559 3648 habebat,
593 3567 720 3649 culpam
757 3571 863 3631 autem
895 3568 1141 3634 asenatoribus
1165 3569 1318 3634 tributam
1342 3590 1416 3634 oum

245 3699 282 3744 eo
307 3682 480 3744 maximam
504 3686 627 3764 partem
652 3680 935 3764 communicabat).

290 3792 444 3866 ἐλοιίςι
480 3794 533 3877 46,
558 3795 612 3876 31,
637 3794 675 3856 4;
708 3795 778 3875 πρὸς
801 3795 855 3868 την
879 3793 1000 3858 ἐλσίδοο
1023 3796 1077 3869 την
1101 3797 1415 3878 eaperecapere,

245 3908 299 3991 46,
325 3908 356 3991 6,
381 3909 417 3971 3;
449 3905 506 3979 τοὶς
539 3905 623 3987 σοοροδ
655 3913 711 3980 τῆς
734 3906 836 3987 τύχης
863 3907 1006 3982 ἑλσίδοις,
1030 3910 1085 3994 49,
1109 3912 1163 3995 41,
1188 3912 1225 3975 6:
1250 3917 1319 3984 τοοῖς
1344 3913 1414 3992 παρ’

244 4021 337 4084 οιύτοῦ
367 4019 472 4085 aaa
505 4024 599 4105 (quae
623 4021 720 4085 verba
739 4022 923 4107 significant
947 4042 1036 4106 spem
1060 4044 1156 4108 quam
1192 4026 1242 4090 de
1276 4044 1325 4090 eo
1361 4027 1416 4089 ha-

244 4134 373 4215 berent}
408 4137 454 4198 ita
488 4134 571 4219 apud
608 4135 782 4200 Isocratem
817 4135 917 4220 Epist.
942 4136 974 4220 4,
998 4137 1037 4200 8:
1064 4137 1215 4218 apiaria
1239 4139 1310 4219 παρ’
1337 4137 1416 4217 ὑμῶν

244 4247 376 4320 ἑλπίδοις
399 4248 577 4328 ώίυμίτεους
601 4242 653 4332 ἦν).

290 4359 436 4435 iaaac:
472 4363 527 4446 43,
554 4365 606 4447 10,
630 4366 666 4428 3:
692 4368 744 4427 τοῦ
769 4361 897 4429 ίοινοίσου
923 4365 1003 4429 πολὺ
1028 4365 1077 4429 τὸν
1102 4365 1185 4446 aspa
1204 4370 1256 4431 τοῦ
1270 4365 1415 4448 Κοιίσοιρος

246 4472 325 4538 ἔλεον
349 4475 565 4556 χαλεπώτερον
587 4477 691 4553 ἡγεῖτο
719 4473 803 4541 είνοιι.
