3378 5222
803 561 845 623 35

236 742 357 808 firmari
392 744 486 810 debet
517 745 604 829 quod
627 746 831 829 praecedenti
855 748 1015 812 sententia
1038 747 1164 812 dicitur.
1189 743 1278 824 λόγος
1300 766 1415 833 nempe

237 857 298 920 hoc
332 858 403 922 ioco
439 857 505 923 fere
536 858 619 922 idem
647 859 731 923 vaiet
755 864 854 944 atque
877 866 987 925 nostro
1012 860 1083 924 loco
1108 859 1257 941 φρόνησις,
1280 860 1415 927 facultas

238 971 306 1034 sive
329 969 452 1035 functio
476 971 585 1053 animi,
608 991 704 1054 quam
730 973 897 1055 rationem,
920 974 1094 1037 consitium
1117 974 1416 1057 dicerepossumus.

237 1081 335 1147 Haud
368 1088 487 1147 temere
522 1085 696 1166 suspiceris
728 1084 875 1150 Cassium
898 1067 1048 1152 ¹Dionem
1075 1089 1235 1152 eiusmodi
1259 1088 1416 1172 exempla,

238 1196 343 1280 qualis
377 1202 426 1262 est
461 1197 552 1261 locus
586 1197 784 1281 Platonicus,
808 1205 883 1263 ante
907 1200 1019 1265 oeulos
1046 1202 1095 1265 vel
1120 1202 1227 1286 potius
1249 1203 1283 1265 in
1309 1207 1416 1267 mente

237 1309 397 1392 habuisse,
420 1329 494 1376 oum
518 1311 673 1376 scriberet
697 1313 794 1376 verba
817 1313 857 1379 de
881 1314 1003 1398 quibus
1027 1317 1161 1399 egimus.

280 1424 352 1487 Tria
383 1424 523 1508 denique
553 1430 675 1489 restant
698 1427 855 1510 exempla,
880 1447 964 1511 quae
987 1428 1169 1510 laudemus,
1193 1429 1250 1493 ubi
1272 1449 1324 1495 res
1345 1431 1414 1494 ina-

238 1540 343 1602 nimae
366 1557 440 1602 oum
464 1539 700 1622 praepositione
724 1538 809 1620 ταρθι
832 1541 1025 1606 coniunctae
1050 1547 1238 1606 occurrunt:

282 1654 334 1732 52,
368 1653 420 1733 32,
454 1653 490 1714 l:
525 1649 590 1715 ἐστι
616 1675 673 1715 του
698 1653 792 1716 πᾶσιν
814 1651 975 1734 ἀνθρώποις
999 1652 1138 1735 ἐροφυτον
1161 1654 1194 1718 τὸ
1220 1654 1336 1736 χαίρειν
1360 1657 1413 1739 ἐφ’

237 1757 279 1835 οἷς
312 1760 348 1826 θιν
381 1763 464 1844 παρα
495 1768 546 1828 τοῦ
570 1764 733 1845 κρείττονος
756 1766 794 1839 ὥς
817 1765 868 1830 καὶ
894 1767 1022 1845 ἰσότιμοι
1046 1768 1130 1848 αὐτῷ
1154 1766 1235 1842 ὄντες
1257 1767 1412 1845 ἀξιωθῶσι.

237 1877 308 1942 Hoc
342 1878 412 1942 loco
447 1879 643 1945 abstractum
680 1901 738 1965 pro
769 1887 917 1947 concreto
949 1885 1089 1966 positum
1122 1890 1178 1965 est,
1202 1886 1246 1947 ita
1272 1891 1307 1948 ut
1331 1884 1415 1965 ταρθι

238 1995 290 2056 τοῦ
322 1991 485 2073 κρείττονος
515 1994 600 2058 idem
634 1995 676 2060 sit
699 1995 785 2079 quod
810 1995 895 2077 ταρθι
917 2000 975 2060 τῶν
998 1995 1169 2077 κρειττόνων
1194 1997 1245 2077 (ab
1280 1999 1375 2063 hom
1389 2001 1415 2063 i-

238 2106 384 2171 nibus
419 2109 674 2191 potentioribus).

283 2218 380 2284 Hunc
404 2240 500 2285 usum
524 2222 664 2306 ponendi
688 2220 883 2287 abstractum
908 2242 966 2306 pro
989 2230 1139 2290 concreto
1164 2225 1203 2289 ab
1226 2224 1414 2308 Thucydide

238 2339 406 2400 mutuatus
441 2355 512 2401 esse
546 2337 674 2401 videtur
708 2340 765 2422 qui
788 2339 976 2422 saepissime
998 2339 1155 2405 adhibuit.
1179 2340 1284 2405 Aliter
1306 2345 1413 2404 autem

238 2469 290 2514 res
313 2469 349 2514 se
372 2449 467 2515 habet
491 2450 591 2515 altero
614 2451 704 2515 loco:

284 2565 335 2647 24,
372 2565 400 2646 l,
434 2564 490 2628 ubi
526 2566 604 2630 haec
638 2564 811 2631 habemus:
848 2569 941 2647 φιλεῖ
959 2565 1018 2647 γήρ
1043 2590 1107 2640 τως
1131 2567 1165 2631 τὸ
1188 2565 1362 2647 σἰνθριθτειον
1386 2569 1415 2630 ἐν

238 2682 308 2750 ταῖς
341 2681 513 2759 συμφοραῖς
535 2681 587 2741 τοῦ
610 2677 666 2755 ab
688 2677 835 2751 συνήθους,
860 2675 917 2742 κέιν
941 2678 1010 2743 θεῖον
1035 2676 1062 2760 ή,
1090 2683 1299 2761 καταφρονεῖν,
1323 2679 1358 2744 τὸ
1383 2679 1414 2744 δὲ

237 2789 400 2872 οἰτείρατον
423 2789 595 2871 θανροοθζειν.
622 2791 694 2872 παρ’
719 2791 827 2856 ἐκείνου
853 2792 908 2870 μὲν
931 2793 990 2873 ρ’ἐιρ
1013 2789 1070 2858 οἵτε
1094 2794 1187 2871 μηδὲν
1211 2795 1241 2866 ἐς
1264 2793 1297 2857 τὸ
1323 2793 1414 2873 ταρθν

239 2906 422 2988 ὠφελεῖσθαι
458 2903 625 2984 νομίζοντες
659 2905 725 2969 οὐδὲ
760 2906 791 2977 ἐς
820 2904 854 2969 τὸ
886 2902 997 2970 ἐτειτα
1030 2907 1160 2987 χρηστὸν
1184 2906 1265 2971 οὐδὲν
1290 2904 1413 2987 τροσδέ-

241 3043 360 3099 χονται,
396 3018 480 3099 ταρθι
511 3018 542 3082 δὲ
573 3022 626 3082 τοῦ
651 3015 732 3093 ξένου
757 3022 819 3082 τῖον
842 3015 906 3084 θσον
928 3017 964 3082 ἐιν
988 3019 1161 3094 ἐθελήσωσιν
1186 3020 1244 3084 ὑπὸ
1268 3026 1323 3093 τῆς
1346 3043 1413 3085 και-

239 3131 379 3211 νοτομίας
402 3131 585 3213 ἐλπίζουσιν.

283 3247 330 3312 Eo
353 3250 422 3312 loeo
445 3247 480 3312 τὸ
503 3246 622 3321 σύνηθες
646 3254 743 3333 atque
765 3248 800 3313 τὸ
825 3245 965 3324 ξένον-
990 3270 1065 3315 res
1089 3251 1192 3334 igitur
1204 3254 1359 3314 consueta
1373 3287 1413 3295 -

237 3361 390 3438 inaudita,
414 3381 496 3426 nova
521 3399 561 3408 —
587 3381 742 3447 personae
767 3361 1000 3446 significatione
1021 3364 1164 3447 praedita
1185 3368 1270 3446 sunt,
1280 3364 1315 3427 id
1327 3363 1415 3446 quod

239 3494 316 3540 sane
338 3473 478 3539 efficitur
501 3475 607 3540 verbis
631 3476 804 3557 adiunctis,
827 3495 942 3560 nempe
967 3476 1187 3557 προσδέχεσθαι
1207 3484 1305 3562 atque
1324 3449 1414 3541 ἕλτέ-

238 3586 307 3668 ζειν,
347 3607 430 3673 quae
474 3588 573 3672 vulgo
608 3588 775 3652 adduntur
817 3591 1042 3672 personis
1083 3610 1101 3655 e
1136 3590 1256 3675 quibus
1290 3591 1415 3675 aliquid

239 3708 473 3786 exspectamus.

284 3815 450 3880 Postremo
474 3816 646 3880 dicendum
671 3821 719 3880 est
743 3817 783 3880 de
807 3817 877 3879 loco
903 3818 953 3899 50,
980 3818 1031 3898 17,
1054 3819 1083 3899 6,
1106 3817 1164 3880 ubi
1187 3818 1342 3902 legimus:

285 3930 390 3995 πολλοὶ
414 3929 470 4008 ροέν
493 3929 606 4009 ήρνίθήν
630 3929 736 3994 πολλοὶ
760 3929 792 3993 δὲ
816 3924 901 4010 ήρξα,
926 3929 987 4011 ἀφ’
1009 3926 1045 3994 ὧν
1064 3934 1151 3995 τοῦτο
1171 3931 1249 4008 μὲν.
1265 3981 1272 3996 .
1288 3934 1414 3995 ..τοῦτο

240 4042 358 4109 δέ...
395 4041 569 4122 μεμάθηκα.
607 4043 770 4124 ἐφοβήθην,
803 4041 959 4124 ἐθήρσήσα·
992 4041 1025 4118 ἐξ
1055 4040 1091 4108 ὧν
1114 4048 1167 4108 τοῦ
1191 4045 1337 4122 μὲν...
1362 4049 1414 4109 τοῦ

240 4157 292 4240 δὲ..
308 4207 314 4221 .
329 4207 359 4224 ..
384 4154 526 4234 εἴθισμαι.
552 4154 723 4235 εὐτύχησα,
749 4154 896 4220 ἔτταισα·
922 4158 993 4238 παρ’
1020 4153 1057 4221 ὧν
1079 4159 1114 4222 τὸ
1138 4159 1213 4236 μήτ’
1238 4157 1412 4236 ἐπιγιγνώ-

239 4293 319 4332 σκειν
342 4294 372 4334 τι
397 4271 467 4348 μήθ’
493 4269 685 4351 ὑπερφρονεῖν
708 4267 780 4350 ἔχει.

283 4383 321 4446 In
348 4387 389 4448 iis
412 4385 519 4448 verbis
542 4387 698 4449 rhetorice
721 4385 815 4448 dictis
839 4387 1093 4470 praepositiones
1118 4386 1190 4459 ἐπὸ,
1215 4382 1250 4460 ἐξ
1274 4391 1304 4450 et
1329 4385 1413 4465 ταρὰ

237 4499 303 4564 fere
340 4499 449 4564 eadem
487 4517 655 4564 occurrere
689 4497 921 4582 significatione
957 4518 1051 4564 nemo
1076 4520 1140 4565 non
1166 4501 1260 4564 videt.
1285 4498 1413 4583 Perspi-
