3378 5222
817 537 860 602 34

250 726 303 807 41,
328 725 379 808 32,
404 727 442 788 5:
466 726 484 799 ἡ
510 747 544 788 π.
569 727 627 788 τῶν
649 719 751 788 ίπλοιι
777 721 870 803 ίσχὺς
893 720 1018 795 εὔελπίς
1042 723 1123 786 ε’στιι
1147 729 1244 808 atque
1257 724 1309 807 41,
1323 725 1425 805 36,4:

250 845 289 919 τῇ
316 861 350 901 π.
375 841 432 901 τῶν
455 833 557 902 ίπλωι
580 835 666 916 ίσχιίι
692 837 813 916 ἐχρῆτο.

294 949 406 1015 Robur
440 958 472 1016 et
506 953 574 1014 vim
598 949 716 1014 habere
739 951 857 1034 aliquis
879 954 984 1034 potest
1008 948 1047 1014 ab
1071 950 1181 1034 aliquo
1205 952 1275 1015 sive
1297 955 1427 1034 accepta

251 1066 319 1129 sive
342 1065 453 1145 allata3
478 1065 572 1129 facile
594 1066 704 1149 itaque
726 1067 867 1149 cogitare
891 1083 1064 1149 possumus
1085 1065 1124 1128 de
1144 1060 1264 1147 ἐξουσία
1276 1045 1425 1143 τοίίσχιίι

251 1197 333 1262 quae
357 1178 514 1243 militibus
538 1198 564 1243 e.
586 1200 617 1263 g.
636 1180 731 1243 datur
753 1178 793 1242 ab
816 1179 926 1262 aliquo
951 1176 1002 1242 vel
1026 1174 1109 1272 παροί
1133 1199 1227 1259 τινας
1252 1180 1298 1242 sio
1318 1197 1425 1242 exem-

250 1293 312 1376 plis
335 1292 474 1358 laudatis
499 1291 541 1356 τα
565 1288 650 1356 ίπλα
675 1294 761 1357 viros
785 1297 924 1356 armatos
946 1292 1100 1373 indicant,
1124 1293 1181 1375 qui
1204 1293 1258 1356 oui
1277 1292 1426 1356 tribuunt

249 1405 364 1487 robur;
399 1405 513 1472 Latine
548 1426 679 1491 quoque
717 1405 776 1488 „ab
812 1407 909 1470 armis
945 1406 1106 1470 auxilium
1130 1406 1259 1489 petere’'
1284 1406 1336 1471 vel
1360 1406 1425 1470 tale

250 1521 329 1604 quid
353 1521 417 1584 diei
441 1526 554 1605 potest.

293 1632 410 1699 Omnia
433 1635 581 1717 exempla
605 1634 645 1698 de
668 1632 788 1717 quibus
810 1633 917 1696 adhue
941 1652 1046 1698 sermo
1067 1639 1144 1716 erat,
1164 1633 1323 1698 eiusmodi
1336 1637 1426 1698 erant

249 1752 286 1810 ut
308 1765 464 1830 personae
484 1749 571 1812 notio
595 1748 704 1831 aliqua
727 1766 769 1811 ex
792 1751 881 1830 parte
905 1748 1044 1831 perspici
1067 1752 1184 1830 posset,
1204 1748 1281 1831 quia
1300 1765 1426 1830 semper

247 1879 299 1926 res
322 1861 465 1925 inanima
488 1862 532 1925 ita
555 1860 795 1944 proponebatur
818 1865 854 1923 ut
877 1879 1015 1944 persona
1038 1862 1109 1925 eius
1134 1863 1204 1925 vioe
1226 1860 1320 1944 fungi
1340 1861 1426 1943 eogi-

248 1975 310 2038 tari
333 1979 450 2058 posset.
473 1972 583 2058 Longe
606 1973 697 2038 aliter
722 1978 829 2038 autem
853 1992 905 2038 res
928 1993 963 2038 se
986 1973 1082 2038 habet
1105 1976 1140 2037 in
1164 1974 1322 2057 exemplis
1342 1991 1426 2057 quae

248 2093 435 2172 sequuntur
458 2087 514 2152 ubi
537 2107 645 2172 neque
668 2088 707 2152 de
730 2107 866 2172 persona
889 2089 995 2172 agitur
1018 2107 1127 2172 neque
1151 2089 1190 2153 de
1213 2106 1248 2151 re
1270 2088 1424 2168 inanima,

249 2201 304 2266 sed
329 2221 404 2285 pars
427 2221 583 2286 personae
607 2221 710 2286 eaque
728 2203 916 2286 incorporea
936 2207 972 2266 ut
991 2203 1037 2266 ita
1057 2202 1170 2285 dicam,
1182 2202 1272 2266 velut
1284 2202 1423 2282 animus,

248 2317 339 2398 ratio,
364 2317 542 2400 ingenium,
563 2318 656 2400 quasi
679 2335 816 2399 persona
839 2318 910 2399 ipsa
932 2316 1106 2380 inducitur.
1130 2315 1214 2380 Sunt
1237 2316 1322 2380 enirn
1346 2316 1424 2379 haee

249 2446 332 2510 quae
356 2428 444 2492 dieo:

293 2541 344 2624 36,
378 2542 435 2604 il:
468 2542 501 2606 αι’
532 2541 741 2623 εὐεργεσίαι..
758 2592 787 2607 ..
821 2541 986 2623 αὐθαίρετοι
1020 2543 1090 2622 παρ’
1116 2540 1252 2615 ἑκουσίας
1276 2543 1328 2605 καί
1354 2563 1423 2620 προ-

251 2653 344 2733 θύμου
371 2663 426 2731 τῆς
448 2659 557 2734 ψυχῆς
580 2656 783 2721 εἰιτελοῦιται·

291 2777 389 2854 atque
412 2768 522 2835 eodem
546 2770 646 2834 libro:

292 2886 343 2966 36,
378 2887 433 2948 14:
466 2888 595 2949 τοιαῦτα
626 2886 729 2958 αὐτοῖς
760 2883 844 2967 παροί
876 2911 911 2950 τε
934 2895 989 2962 τῆς
1012 2883 1155 2966 ἐμφύτου
1180 2881 1345 2965 Φρονίσεως
1369 2875 1418 2944 καί

249 2998 333 3080 παρα
355 3005 410 3072 τῆς
426 3000 467 3063 εἰς
490 3003 542 3063 τοῦ
566 3000 661 3080 γήρως
684 2999 843 3080 ἐμπειρίας
857 3049 864 3064 .
880 3049 887 3064 .
902 3049 931 3064 ..
959 3001 1129 3082 παρῄνεσεν.

290 3111 402 3177 Priore
425 3115 572 3197 exemplo
596 3114 763 3179 λαθοίατο
788 3115 979 3199 significatio
1004 3122 1052 3181 ent
1077 3112 1265 3179 verborum:

290 3225 462 3290 Benefaotn
496 3228 702 3291 hominum..
717 3277 723 3291 .
738 3278 744 3291 .
761 3206 763 3208 ¹
779 3228 880 3293 libera
915 3235 993 3295 sunt
1023 3235 1120 3313 atque
1150 3249 1170 3291 a
1194 3230 1364 3311 spontaneo
1388 3225 1419 3286 et

245 3341 344 3405 alaori
367 3341 465 3404 animi
489 3345 578 3404 motu
601 3341 799 3424 procedunt3
823 3341 915 3422 ψυχὴ
938 3345 1047 3428 itaque
1072 3349 1193 3407 motum
1220 3339 1314 3405 animi
1334 3335 1416 3399 indi-

167 3439 169 3444 ’
246 3458 304 3535 eat,
334 3455 391 3536 qui
414 3454 507 3537 quasi
531 3471 667 3536 persona
691 3474 789 3539 agens
812 3456 935 3539 aliquid
959 3456 1085 3520 efficere
1107 3454 1249 3539 fingitur.

289 3567 470 3632 Posteriore
503 3565 575 3631 looo
609 3568 746 3633 ulterius
780 3569 984 3653 progreditur
1017 3569 1148 3632 licentia
1179 3565 1331 3642 auotoris3
1364 3562 1416 3625 hio

199 3698 207 3714 ·
245 3681 330 3744 enirn
365 3682 446 3744 ratio
481 3682 598 3745 mentis
632 3683 728 3746 insita
763 3688 860 3766 atque
893 3683 1004 3748 senilis
1037 3683 1233 3765 experientia
1262 3694 1417 3760 personae

244 3796 409 3859 notionem
445 3796 602 3876 adsumit3
638 3797 736 3860 animi
769 3799 880 3881 itaque
903 3796 1086 3861 functiones
1111 3815 1168 3879 pro
1193 3797 1259 3878 ipsa
1281 3808 1417 3874 persona

243 3909 351 3991 agenti
375 3916 580 3993 usurpantur,
604 3910 682 3974 dum
706 3912 811 3994 priore
837 3911 984 3994 exemplo
1008 3910 1077 3974 sola
1100 3908 1193 3987 ψυχὴ
1209 3943 1249 3952 -
1265 3906 1416 3969 universa

242 4025 349 4085 tamen
374 4058 415 4068 -
439 4042 611 4106 personam
633 4028 732 4088 totam
757 4025 905 4089 reddidit.

286 4133 350 4198 Hie
385 4135 476 4201 locus
507 4157 578 4202 esse
609 4138 738 4202 videtur
770 4144 806 4204 ut
835 4139 1005 4203 laudemus
1038 4137 1179 4202 Platonis
1207 4131 1304 4197 verba
1327 4130 1416 4215 (Rep.

243 4249 305 4310 461
332 4247 386 4328 Et:
413 4249 449 4322 ιὶις
473 4250 504 4314 δὲ
527 4249 657 4329 ἓποροίιιι
682 4276 717 4316 τε
741 4261 779 4334 τῇ
799 4249 883 4333 ι’ίλλρ
905 4249 1048 4334 πολιτεία
1068 4249 1120 4314 καί
1134 4245 1236 4326 ροοιιρῷ
1250 4241 1414 4322 βελτίστη,

244 4359 346 4435 δεῖδίι
370 4361 403 4426 τὸ
427 4362 618 4439 perairorio
643 4363 872 4442 βεβαιώσασθαι
910 4363 1027 4444 παραὶ
1061 4365 1136 4426 τοῦ
1168 4355 1273 4434 λίγο
1289 4381 1315 4420 ο.
1354 4357 1415 4422 His

245 4478 330 4540 enim
361 4477 506 4541 Platonis
532 4477 637 4542 verbis
661 4476 750 4556 λόγος
774 4480 868 4563 quasi
890 4497 1027 4563 persona
1049 4475 1186 4559 fingitur,
1210 4490 1228 4533 a
1252 4490 1316 4555 qua
1339 4490 1415 4534 oon·

508 4824 1231 5186 trra
