3400 5212
840 535 882 600 65

274 741 367 786 onem
391 721 475 803 πορθ
487 721 673 787 adhibuisse
684 723 813 787 videtur
826 722 986 788 adductus
998 723 1201 807 praecedenti
1213 723 1449 807 praepositione

275 836 308 898 ἐκ
332 852 416 919 quae
439 855 514 900 eum
538 837 668 900 nomine
690 838 832 921 regionis
855 838 1028 900 coniuncta
1052 842 1185 902 eatenus
1205 833 1310 902 differt
1330 855 1450 921 aprae-

274 951 432 1034 positione
466 949 548 1030 ποιρθο
582 969 666 1034 quae
696 969 770 1014 oum
795 952 942 1035 personis
965 951 1119 1036 coniungi
1143 955 1237 1015 amat
1266 949 1329 1015 Sed
1352 949 1450 1013 altero

274 1064 345 1127 loco
380 1065 444 1144 (52,
479 1065 532 1146 40,
566 1064 594 1143 1)
626 1065 820 1148 praepositio
843 1065 876 1128 ἑκ
899 1068 986 1129 recte
1008 1083 1044 1129 se
1066 1065 1171 1148 babet,
1197 1067 1274 1149 quia
1296 1063 1342 1128 ibi
1366 1065 1451 1128 inest

275 1176 373 1242 verbo
424 1175 621 1254 ἐπιλέγεσθαι
662 1177 854 1262 significatio
889 1179 1053 1242 eximendi
1088 1197 1105 1243 e
1140 1198 1275 1244 numero
1311 1178 1450 1263 quodam

275 1291 441 1355 hominum
477 1296 509 1356 et
539 1297 747 1375 opponuntur
774 1291 840 1356 fere
873 1290 906 1354 σὲ
938 1296 969 1355 et
992 1271 1104 1364 πθντες
1127 1293 1192 1356 illi:
1228 1310 1280 1357 ex
1314 1291 1449 1355 omni·

281 1403 365 1469 bns
400 1409 452 1469 ta.

322 1517 449 1582 Addam
474 1517 598 1601 aliquot
615 1517 703 1582 looos
716 1536 757 1582 er
770 1517 1009 1601 antiquioribus
1022 1519 1233 1603 scriptoribus
1246 1518 1301 1584 nbi
1314 1518 1448 1582 verbum

277 1629 478 1708 ἐπιλέγεσθαι
505 1651 579 1696 oum
604 1631 740 1716 simplioi
763 1627 906 1715 genitivo
930 1633 1139 1696 coniunctum
1165 1621 1300 1716 legituq'
1315 1651 1447 1717 nempe:

319 1744 437 1809 Herod.
462 1747 491 1827 3,
517 1745 599 1808 157:
627 1741 847 1821 ε’πνλεξοίμενος
870 1749 928 1807 τῶν
950 1744 1146 1823 Βαβυλωνίων
1169 1742 1315 1822 ἐξήγαγε.

319 1857 419 1922 Thuo.
457 1860 486 1940 7,
523 1858 581 1922 19;
616 1861 673 1920 τῶν
708 1880 742 1921 τε
777 1857 918 1922 Εἱλώτων
937 1855 1152 1936 ἐπιλεξάμενοι
1176 1857 1244 1931 τοὺς
1267 1857 1450 1936 βελτίστους

277 1971 328 2035 uui
353 1975 410 2036 τῶν
434 1970 630 2049 νεοδοοροώδων.

321 2084 455 2167 Dionys.
489 2086 565 2150 Aut.
601 2083 692 2149 Rom.
730 2087 759 2170 9,
794 2085 854 2148 57:
892 2080 1113 2162 ἐπιλεξάμενος
1146 2088 1202 2147 τῶν
1238 2084 1349 2149 ἱππέων
1382 2084 1451 2158 τοὺς

278 2198 455 2279 κρατίστους
469 2247 476 2264 .
491 2247 498 2263 .
513 2247 520 2262 .
536 2245 543 2261 .

322 2313 499 2379 Postremis
530 2331 608 2378 sane
639 2313 717 2378 loeis
742 2312 871 2378 duobus
892 2314 1056 2396 genitivus
1079 2313 1118 2378 ab
1144 2313 1269 2379 obiaoto
1296 2312 1450 2397 (superla-

277 2428 355 2511 tivo)
392 2427 531 2512 pendere
565 2427 668 2491 videri
702 2431 816 2512 potest,
848 2428 894 2491 ita
928 2431 965 2490 ut
997 2427 1162 2510 genitivus
1192 2427 1363 2512 partitivus
1394 2427 1451 2509 qui

279 2542 396 2606 dieitur
430 2541 538 2606 haberi
574 2541 685 2625 possit,
720 2559 780 2606 neo
811 2541 990 2628 quidquam
1016 2540 1122 2605 obstat
1145 2542 1321 2625 quominus
1345 2541 1448 2624 primo

279 2675 410 2741 quoque
441 2656 589 2739 exemplo
623 2655 788 2739 genitivus
820 2656 969 2739 quamvis
992 2675 1011 2718 a
1035 2655 1132 2719 verbo
1155 2654 1350 2732 ἐπιλέγεσθαι
1374 2673 1451 2739 pen-

279 2772 359 2835 dens
389 2789 447 2854 pro
473 2770 624 2854 partitivo
648 2768 811 2833 habeatur.
836 2767 920 2832 Loco
944 2766 1069 2832 Dioneo
1092 2774 1200 2832 autem
1224 2770 1343 2834 omissa
1361 2787 1450 2853 prae·

278 2886 437 2971 positione
459 2884 622 2968 genitivus
645 2883 738 2947 faoile
761 2902 836 2947 oum
863 2884 1060 2967 superlativo
1085 2882 1219 2963 ἀρίστους
1241 2885 1451 2966 coniungere·

279 3005 341 3081 tur,
374 2998 409 3061 id
443 2997 529 3082 quod
558 3015 622 3060 non
647 2996 750 3060 voluit
772 2994 919 3077 Cassium
946 2998 1055 3081 itaque
1079 3002 1116 3060 ut
1139 2998 1234 3081 plane
1257 2995 1452 3081 significaret

280 3113 357 3197 quid
381 3111 486 3194 vellet,
508 3111 630 3176 soilioet
660 3128 834 3175 enumero
855 3111 906 3174 vel
930 3129 947 3175 e
970 3112 1134 3175 vicinitate
1153 3112 1314 3176 sociorum
1327 3111 1452 3195 aliquot

279 3226 365 3308 eligi,
387 3225 658 3309 praepositionem
684 3222 768 3303 σωροὶ
791 3225 955 3307 expressis
978 3223 1084 3288 verbis
1108 3223 1262 3288 adhibuit.

323 3337 468 3404 Verbum
504 3336 681 3415 ἐκλέγεσθαι
717 3337 856 3422 eligendi
889 3356 988 3403 sensu
1020 3340 1150 3422 passivo
1172 3356 1289 3421 genere
1312 3338 1452 3401 ooourrit

282 3454 333 3536 50,
371 3453 421 3536 16,
458 3453 486 3535 l,
520 3453 576 3516 ubi
611 3452 729 3516 milites
765 3453 889 3516 strenui
921 3453 1075 3516 dicuntur
1105 3450 1188 3524 ἄνθος
1211 3451 1262 3515 κοί
1288 3449 1372 3530 πυροὶ
1395 3453 1451 3512 τῶν

281 3565 415 3639 ὑπηκόων
449 3565 501 3629 aul
526 3565 610 3645 πωρθο
637 3569 693 3629 τῶν
716 3563 895 3644 συμμοίχων
920 3562 1128 3642 ἕξειλενριὲνον
1152 3565 1223 3645 (flos
1249 3583 1290 3630 ex
1313 3563 1451 3628 subditis

281 3684 378 3764 atque
401 3699 442 3744 ex
467 3681 562 3744 sociis
585 3680 756 3761 delectus);
781 3682 973 3763 praepositio
998 3678 1081 3759 πωρθι
1105 3681 1156 3743 hio
1179 3698 1309 3764 quoque
1331 3678 1451 3742 indioat

282 3800 402 3858 motum
426 3814 445 3870 a
468 3795 564 3858 sociis
583 3794 763 3878 profectum
787 3793 934 3878 eligendo
959 3800 1075 3858 ortum.

323 4015 392 4080 Iam
423 4021 545 4080 restant
568 4018 632 4080 duo
656 4015 754 4080 verba
777 4034 861 4099 quae
895 4036 945 4080 su
959 4016 1112 4080 mendi
1149 4018 1310 4080 notionem
1335 4015 1452 4080 habere

280 4130 444 4209 videntur;
481 4135 557 4194 sunt
592 4129 688 4193 verba
722 4129 868 4192 medialis
891 4128 1013 4192 formae
1036 4128 1240 4208 προστίθεσθαι
1263 4135 1359 4212 atque
1383 4129 1451 4191 ἐπν-

283 4241 420 4306 τίθεσθων.

327 4359 379 4432 42,
403 4359 453 4433 29,
479 4358 514 4420 3:
542 4353 587 4420 ίνω
612 4356 696 4436 πωρίο
719 4365 774 4430 τῆς
793 4355 947 4436 γερουσίοος
960 4355 1001 4418 τοί
1013 4351 1098 4419 ίπλοο
1109 4355 1161 4419 aaa}
1175 4357 1228 4428 τὴν
1241 4353 1376 4430 ἕξουσίων
1386 4404 1393 4420 .
1405 4407 1411 4422 .
1423 4404 1430 4418 .
1443 4403 1452 4420 .

286 4471 505 4550 προστεθεῖσθοον
529 4469 686 4547 νομισθείη.
