3400 5212
856 525 898 589 58

293 711 367 791 502,
401 711 438 774 5:
474 709 685 791 ε’πνινρέσκεπνιι
716 709 749 773 τὸ
777 713 866 787 σῶμα
889 709 951 774 ἀπὸ
976 718 1032 785 τῆς
1055 709 1182 783 κοιλίας,
1208 731 1277 795 pag.
1302 713 1378 794 498,
1402 713 1462 775 29:

291 822 506 902 ε’πιινρίσκετσιι
531 823 593 888 ἀπὸ
616 827 670 887 τοῦ
693 823 834 901 σώματος
856 843 881 888 e.
895 844 931 906 a,
955 841 1039 908 quae
1059 824 1207 907 exempla
1226 823 1408 909 Stephanus
1429 827 1463 888 in

289 936 454 1002 thesauro
474 936 572 1002 affert.
596 936 800 1018 Thucydides
820 957 885 1001 non
911 939 1081 1022 usurpavit
1104 938 1251 1002 verbum.

333 1050 434 1115 Aliud
457 1050 595 1116 verbum
619 1053 796 1135 accipiendi
818 1056 867 1117 est
890 1049 1077 1131 κομίζεσθαι,
1102 1052 1189 1136 quod
1211 1050 1260 1116 bis
1281 1052 1367 1136 apud
1388 1051 1464 1116 Dio·

291 1182 365 1229 nam
388 1168 579 1248 usurpatum
602 1166 733 1229 inveni:

335 1279 365 1360 8,
389 1279 426 1341 2:
451 1273 505 1342 i'ca
531 1277 601 1355 παρ’
626 1276 746 1342 ἑκόντων
768 1276 905 1341 Λσιπέννιν
928 1278 980 1341 οὐκ
1005 1276 1126 1353 ἠδυνήθη
1153 1277 1344 1355 repleamur.

337 1391 388 1474 72,
413 1393 443 1473 3,
467 1392 505 1455 2:
529 1391 750 1470 αἰχμαλώτους
774 1414 809 1454 π.
835 1395 891 1454 πῶν
914 1389 1023 1471 Βεάριιν
1047 1389 1255 1469 κομισάμενος.

334 1503 441 1570 Habet
474 1504 611 1569 verbum
644 1503 915 1588 significationem
947 1505 1133 1589 accipiendi,
1162 1505 1365 1588 impetrandi,
1391 1525 1465 1569 con·

293 1619 467 1704 sequendi3
504 1617 618 1700 Lysias
654 1619 782 1703 saepius
818 1619 927 1684 eadem
951 1620 1076 1683 ratione
1099 1617 1256 1700 adhibuit,
1280 1637 1305 1683 e.
1317 1639 1346 1703 g.
1371 1620 1464 1698 25,6

292 1734 398 1817 (σιμὴν
432 1729 448 1804 ἢ
485 1730 574 1813 χάριν
610 1730 790 1811 κνμίσνισέσιι
828 1731 899 1812 παρ’
932 1732 1037 1816 ὑμῶν),
1071 1731 1146 1796 ibid.
1173 1733 1192 1814 ἓ
1219 1733 1277 1813 11,
1302 1735 1354 1816 29,
1378 1733 1397 1796 6
1422 1733 1468 1818 (οὐ

294 1844 487 1926 κομιζόμενος
508 1846 580 1926 παρ’
605 1847 703 1910 αὐτῶν
727 1846 769 1910 τά
792 1847 965 1931 χρήματα).

336 1959 490 2044 Sequitur
516 1959 653 2025 verbum
678 1959 811 2038 ἀπέχειν
835 1961 922 2045 quod
946 1960 1044 2024 semel
1068 1959 1154 2044 apud
1174 1957 1322 2027 Cassium
1347 1961 1466 2045 legitur

293 2075 439 2159 adposita
461 2075 697 2159 praepositione
721 2073 804 2153 πιιρά
827 2094 900 2138 cum
925 2075 1080 2157 genitivo,
1102 2093 1218 2158 nempe
1238 2075 1291 2154 42,
1304 2076 1355 2157 54,
1368 2076 1397 2157 3,
1410 2073 1466 2139 ubi

292 2185 408 2253 Caesar
431 2189 549 2253 milites
573 2206 651 2252 suos
674 2189 719 2252 ita
741 2188 863 2272 alloqui
882 2189 1012 2272 incipit:
1026 2186 1168 2265 ἀπέχετε
1181 2187 1252 2267 παρ’
1266 2187 1338 2264 ἐμοῦ
1351 2185 1464 2251 πάνπνι.

332 2300 384 2367 -De
418 2301 516 2367 verbo
552 2302 640 2385 quod
674 2306 722 2367 est
756 2300 888 2380 ἀπέχειν
923 2301 1072 2386 pluribus
1096 2300 1189 2366 nobis
1214 2306 1261 2366 est
1286 2301 1467 2384 dicendum,

292 2416 368 2499 quia
390 2417 425 2478 in
450 2415 628 2481 Graecitate
650 2417 749 2481 variis
773 2417 912 2480 occurrit
935 2415 1242 2500 significationibus:

336 2527 444 2592 Primo
468 2529 536 2593 loco
559 2531 726 2594 transitive
746 2533 923 2614 usurpatur
935 2531 1063 2614 proprio
1076 2549 1175 2593 sensu
1187 2529 1273 2614 apud
1286 2528 1463 2593 Homerum

292 2641 348 2707 ubi
383 2643 510 2707 Athana
542 2641 765 2707 Telemachum
801 2642 992 2726 alloquitur:
1030 2641 1057 2725 (ε
1093 2642 1149 2726 33)
1184 2649 1239 2716 νῆιν
1273 2641 1345 2714 iada
1376 2641 1466 2716 νήσων

292 2755 424 2834 ἀπέχειν
454 2758 511 2821 i.e.
535 2775 650 2822 navem
674 2755 846 2840 proculab
870 2756 987 2820 insulis
1010 2760 1166 2820 remotam
1190 2755 1315 2820 habeas.
1341 2754 1467 2820 Deinde

292 2871 443 2935 translate
477 2870 654 2954 significat:
691 2871 878 2954 propulsare
913 2870 996 2954 alqd.
1034 2870 1084 2934 vel
1114 2870 1210 2954 alqm.
1235 2870 1274 2934 ab
1299 2871 1466 2952 aliquare

292 2981 435 3062 (ἀπέχειν
469 2982 502 3046 σι’
534 2984 587 3048 val
620 2981 687 3046 τινά
717 2984 815 3062 τινες),
841 3002 905 3067 quo
929 2985 1032 3047 oritur
1055 3001 1170 3048 sensus
1194 2984 1336 3065 arcendi,
1360 2983 1466 3048 defan-

293 3098 390 3162 dondi
417 3097 501 3181 alqd.
523 3098 563 3161 ab
587 3098 696 3181 aliqua
717 3116 752 3162 re
776 3096 820 3176 (ri
841 3099 917 3178 τινι).
940 3097 1000 3161 Vis
1024 3099 1271 3182 praepositionis
1295 3097 1358 3160 ἀπὸ
1383 3098 1468 3162 clare

292 3213 484 3296 perspicitur
507 3213 541 3274 in
564 3209 736 3276 Homerico
761 3211 919 3294 exemplo·
932 3213 963 3293 (π
987 3211 1078 3290 orat:
1104 3207 1156 3284 ἥδε
1178 3209 1213 3286 δὴ
1234 3211 1290 3285 ἀὼς
1391 3208 1410 3285 ἀ
1431 3211 1465 3288 μ’

292 3323 440 3398 Ὀδυσῆος
463 3322 539 3389 οἴκου
563 3324 747 3403 ἀποσχήσει,
771 3326 791 3388 i.
805 3343 831 3389 e.
855 3343 937 3408 quae
961 3343 1011 3389 me
1034 3324 1096 3395 ἀπὸ
1119 3328 1170 3388 τοῦ
1202 3325 1270 3389 ’Oh
1293 3321 1369 3389 ciaon
1388 3325 1466 3389 ἀπν-

293 3439 413 3517 σχάσει.
449 3438 518 3504 Iam
549 3440 678 3504 exsistit
713 3437 904 3522 significatio
937 3439 1115 3522 separandi,
1149 3439 1328 3503 amovendi.
1351 3439 1390 3503 In
1414 3459 1468 3524 pe

293 3553 391 3618 destri
425 3572 572 3618 sermone
602 3551 668 3618 fere
702 3553 788 3617 idem
823 3551 983 3636 significat
1017 3557 1115 3638 atque
1146 3551 1278 3625 κωλύειν,
1303 3554 1468 3637 impedire,

292 3666 463 3752 prohibere
487 3667 583 3751 alqm.

336 3780 489 3865 Sequitur
511 3781 610 3844 altera
633 3778 833 3863 significatio,
857 3785 931 3846 nata
955 3799 997 3844 ex
1020 3782 1133 3864 prima,
1153 3800 1349 3865 quamquam
1363 3785 1467 3844 trans-

293 3892 355 3960 late
391 3894 520 3978 quidem
556 3899 588 3959 et
611 3895 673 3958 alio
698 3894 935 3978 quodammodo
959 3913 1057 3958 sensu
1082 3893 1172 3959 vorbi
1197 3895 1283 3979 quod
1307 3900 1356 3959 est
1377 3891 1466 3972 ἔχειν.

292 4007 402 4071 Prima
424 4010 510 4073 enim
533 4009 567 4071 in
591 4006 827 4092 significatione
849 4008 984 4073 verbum
1004 4008 1144 4092 simplex
1165 4006 1245 4086 έχειν
1269 4009 1468 4074 tenendi

295 4140 392 4186 sensu
427 4128 620 4206 usurpatum
656 4121 809 4204 vidimus,
844 4123 889 4185 ita
923 4125 960 4186 ut
994 4119 1126 4200 ἀπέχειν
1156 4123 1270 4205 procul
1301 4121 1470 4205 abstinere,

293 4253 466 4317 removere,
502 4239 611 4300 tenere
644 4254 662 4300 e
697 4236 861 4300 vicinitate
896 4235 1034 4299 alicuius
1065 4237 1111 4300 rai
1136 4235 1345 4320 significaret3
1371 4237 1469 4302 altera

294 4352 401 4412 autam
437 4347 476 4413 de
511 4368 576 4432 qua
611 4349 755 4413 dicemus
792 4347 981 4432 significatio
1016 4349 1145 4432 respicit
1179 4350 1312 4414 alteram
1347 4349 1467 4435 signifi·

294 4463 451 4527 cationum
475 4461 567 4527 verbi
590 4459 673 4541 ἔχειν
696 4481 811 4547 nempe
842 4462 1068 4546 habendi,
1097 4463 1402 4549 possidendi,
1424 4465 1469 4528 ita
