3378 5212
813 553 876 616 123

260 736 354 810 αὐτῆν
378 738 432 812 τῆν
456 736 573 818 ἤπειρον
596 737 609 800 ό
632 736 814 818 Ἀγρίππας
837 738 1002 818 οννπρῆσας
1026 738 1152 816 λιμένας
1175 740 1430 820 νανλοχοιτοότονς

260 848 419 926 ἀπέδειξεν
449 850 521 939 (ubi
547 851 642 917 verba
667 875 701 914 π.
725 852 821 925 αότῆν
844 851 898 925 πῆν
922 851 1039 933 ἤπειρον
1062 855 1122 918 hoo
1146 855 1224 918 mihi
1248 855 1430 940 significare

261 966 427 1029 videntur:
452 984 509 1050 per
531 971 629 1029 totam
653 965 856 1029 latitudinem
877 967 1071 1030 continentis
1091 969 1160 1032 sive
1181 972 1338 1052 quantum
1360 988 1429 1034 ver·

260 1079 354 1162 gebat
377 1081 461 1143 inter
484 1079 548 1143 duo
570 1081 689 1158 maria3
712 1080 885 1144 verisimile
904 1086 953 1144 est
966 1080 1335 1165 hanosignifioationem,
1348 1103 1431 1167 quae

261 1193 356 1257 rootis
390 1193 517 1276 angulis
553 1199 639 1257 secat
675 1194 824 1257 usitatam
860 1195 1017 1256 rationem
1053 1200 1141 1257 ποιεῖν
1166 1217 1200 1258 π.
1225 1193 1279 1268 τῆν
1303 1195 1430 1277 ἤπειρον,

262 1310 362 1370 ortam
387 1324 457 1370 esse
480 1325 520 1369 ex
545 1307 750 1389 ampliatione
775 1327 854 1371 usus
876 1308 1050 1390 spectantis
1070 1313 1198 1392 tempus
1218 1309 1303 1394 apud
1323 1329 1430 1375 reeen-

261 1420 357 1483 tiores
381 1421 562 1502 scriptores.
586 1420 701 1503 Itaque
736 1425 772 1483 ut
803 1438 828 1484 e.
851 1440 881 1503 g.
912 1419 1033 1483 locutio
1066 1442 1100 1483 π.
1125 1423 1226 1484 τοῦτον
1256 1421 1305 1486 τδν
1330 1421 1431 1502 χρόνον

260 1532 380 1596 indicat
415 1533 554 1616 spatium
589 1534 741 1616 temporis
775 1551 833 1616 per
865 1533 952 1616 quod
984 1533 1062 1617 quid
1092 1532 1138 1615 fit,
1161 1536 1205 1599 ita
1227 1540 1336 1600 nostro
1361 1536 1431 1601 loeo
1488 1566 1492 1576 ¹

263 1643 360 1709 verba
395 1668 429 1708 π.
462 1644 557 1718 αότῆν
580 1646 635 1719 τῆν
657 1643 775 1727 ἤπειρον
799 1645 983 1730 significant
1007 1649 1146 1730 spatium
1170 1647 1241 1730 looi,
1264 1667 1322 1732 per
1345 1650 1432 1734 quod

262 1758 438 1842 perfodisse
461 1760 579 1824 dieitur
601 1761 746 1844 Agrippa
768 1761 975 1824 interstitium
1000 1757 1106 1846 illud).

307 1870 341 1959 6)
364 1870 503 1938 Difficile
526 1892 761 1958 nonnunquam
782 1880 830 1938 est
848 1874 1032 1958 intellegere
1045 1879 1152 1939 utrum
1166 1874 1432 1959 significationem

262 1985 400 2050 iuxta
433 2007 474 2049 an
509 1992 701 2070 praeter
734 1985 849 2051 habeat
880 1987 1073 2070 praepositio
1097 1986 1181 2067 rapat
1204 2007 1278 2052 oum
1302 2009 1432 2055 aecusa-

263 2101 330 2162 tivo
353 2101 534 2164 coniuncta.

307 2211 408 2278 Nobis
432 2220 540 2278 autem
565 2213 831 2298 significationem
856 2219 1045 2298 praeter
1067 2214 1185 2279 habere
1205 2216 1432 2301 videturprao·
1487 2255 1492 2265 ·

263 2328 380 2410 positio
404 2328 491 2392 hisee
514 2329 608 2393 locis:

308 2441 362 2524 46,
386 2442 439 2525 55,
465 2444 499 2505 1:
525 2445 577 2506 τοῦ
602 2426 743 2518 ποταμοῦ
767 2445 819 2505 τοῦ
844 2464 877 2504 π.
903 2440 957 2514 τῆν
980 2441 1116 2505 Βονωνίαν
1141 2441 1352 2524 παραρρέοντος
1375 2444 1432 2533 (ef.

264 2554 383 2619 Herod.
408 2558 439 2640 6,
464 2557 522 2637 203
550 2557 580 2639 7,
605 2557 687 2636 200;
711 2555 793 2620 Xen.
819 2554 922 2620 Anab.
947 2556 978 2639 5,
1003 2557 1034 2639 3,
1059 2554 1105 2643 8).

309 2670 362 2753 49,
382 2671 435 2753 37,
456 2673 492 2734 3:
506 2669 519 2734 ό
532 2669 634 2750 Κόλοψ
647 2667 859 2749 ὀνομαζόμενος
872 2693 906 2732 π.
919 2669 1009 2733 αὐτόν
1022 2669 1073 2733 τόν
1086 2668 1242 2751 περίβολον
1256 2673 1432 2754 παραρρέων.

310 2785 364 2866 49,
399 2785 453 2866 37,
488 2786 525 2848 4:
561 2783 574 2847 ό
607 2783 708 2864 Κόλοψ
741 2807 775 2846 π.
800 2782 884 2847 αὐτόι
909 2783 951 2847 τόν
973 2782 1064 2862 τείχη
1091 2781 1313 2872 παρεξιών(οῆ
1338 2787 1434 2853 Paus

265 2899 296 2981 8,
321 2899 374 2981 39,
400 2896 443 2985 1).

311 3014 363 3096 74,
401 3013 453 3096 10,
489 3015 525 3076 2:
561 3011 631 3091 πρός
666 3011 720 3085 τῆν
754 3009 948 3091 Προποντίδα
984 3035 1018 3074 π.
1051 3010 1146 3085 αὐτῆν
1178 3013 1232 3086 τῆν
1257 3012 1435 3081 rium...

267 3132 361 3206 χωρεῖ
389 3125 547 3214 (qnorum
578 3126 783 3210 aliquatenus
807 3125 946 3189 conferri
969 3130 1074 3209 potest
1096 3126 1188 3190 locus
1210 3125 1436 3208 Thucydideus

265 3239 314 3327 (3,
353 3243 426 3325 106,
461 3238 515 3327 2);
551 3240 602 3304 καὶ
634 3239 795 3312 διελθόντες
825 3241 878 3313 πῆν
901 3237 1054 3321 Στρατόνιν
1077 3248 1133 3317 γῆν
1156 3241 1284 3322 ἐχώρουν
1308 3239 1359 3305 διά
1381 3240 1436 3314 τῆς

266 3352 382 3427 Φνπόας
417 3352 470 3418 καὶ
500 3349 584 3427 αὖθις
613 3354 764 3427 Μεδεῶνος
788 3355 860 3435 παρ’
886 3353 1021 3434 ἔσχατα,
1047 3353 1157 3419 ἔπειτα
1182 3355 1232 3419 διόι
1255 3353 1435 3442 Λιμναίας).

310 3469 364 3552 57,
400 3470 459 3532 63;
494 3467 545 3531 καὶ
579 3465 690 3548 δρόκοιν
715 3467 798 3548 παρόν
821 3467 855 3531 τό
880 3465 1080 3548 στρατόπεδον
1103 3467 1205 3545 μέγας
1229 3466 1280 3531 διόι
1303 3475 1358 3542 πῆς
1382 3465 1435 3530 ἐπὶ

171 3630 174 3636 ,
266 3581 320 3654 πῆν
344 3579 522 3660 Καρχηδόνα
544 3579 689 3660 Φεροόσῆς
708 3579 772 3643 troo
794 3579 1003 3660 παρείρπυσεν.
1017 3579 1096 3668 (Hie
1119 3587 1311 3665 praeter
1333 3587 1438 3646 eastra

267 3693 426 3779 Scipionis
449 3696 605 3778 serpsisse
627 3695 746 3758 dieitur
768 3713 900 3777 serpens
924 3714 1070 3778 magnus,
1092 3695 1278 3759 vastationis
1298 3696 1438 3779 signum,

267 3810 319 3872 via
343 3828 408 3892 qua
420 3807 643 3892 Carthaginem
657 3809 731 3890 itur,
744 3808 830 3892 quod
842 3808 962 3872 factum
975 3808 1053 3872 felix
1065 3810 1186 3892 aooepit
1198 3827 1291 3873 omen
1305 3805 1436 3894 Scipio).
1504 3884 1507 3891 ,

309 4036 554 4101 Transeundum
577 4041 626 4100 est
651 4036 691 4100 ad
714 4055 769 4101 eos
792 4036 879 4100 locos
903 4034 959 4098 ubi
982 4035 1091 4099 addito
1116 4035 1213 4100 verbo
1238 4036 1307 4101 sire
1331 4037 1437 4120 quies·

267 4151 360 4214 nendi
395 4152 463 4214 sire
498 4151 648 4214 movendi
683 4151 766 4215 aetio
799 4150 961 4214 indicatur
996 4168 1079 4233 quae
1110 4151 1204 4213 iuxta
1227 4169 1294 4214 rem
1318 4149 1362 4231 fit,
1388 4151 1438 4214 vel

268 4265 454 4348 simpliciter
477 4283 646 4348 personam
671 4282 779 4328 remve
802 4263 949 4327 adlatus
975 4265 1021 4328 rei
1042 4264 1135 4328 sitam
1156 4281 1227 4328 esse
1239 4262 1438 4347 significatur

269 4379 502 4462 praepositione
526 4374 618 4458 παρό.

314 4490 497 4558 Occurrunt
519 4494 630 4575 itaque
652 4489 738 4576 apud
762 4488 908 4554 Cassium
933 4508 1064 4574 quoque
1089 4494 1123 4553 nt
1143 4490 1228 4574 apud
1248 4489 1328 4554 alios
1340 4490 1438 4573 scrip
