<?xml version="1.0" encoding="UTF-8"?>
<!DOCTYPE html PUBLIC "-//W3C//DTD XHTML 1.0 Transitional//EN"
    "http://www.w3.org/TR/xhtml1/DTD/xhtml1-transitional.dtd">
<html xmlns="http://www.w3.org/1999/xhtml" xml:lang="en" lang="en">
 <head>
  <title>
</title>
<meta http-equiv="Content-Type" content="text/html;charset=utf-8" />
  <meta name='ocr-system' content='tesseract 3.04.00' />
  <meta name='ocr-capabilities' content='ocr_page ocr_carea ocr_par ocr_line ocrx_word'/>
</head>
<body>
  <div class='ocr_page' id='page_1' title='image "./depraepositioni00nawigoog_0162.png"; bbox 0 0 3378 5212; ppageno 0'>
   <div class='ocr_carea' id='block_1_1' title="bbox 784 492 847 555">
    <p class='ocr_par' dir='ltr' id='par_1_1' title="bbox 784 492 847 555">
     <span class='ocr_line' id='line_1_1' title="bbox 784 492 847 555; baseline 0.016 -1"><span class='ocrx_word' id='word_1_1' title='bbox 784 492 847 555; x_wconf 85' lang='lat'>153</span> 
     </span>
    </p>
   </div>
   <div class='ocr_carea' id='block_1_2' title="bbox 188 675 1404 2350">
    <p class='ocr_par' dir='ltr' id='par_1_2' title="bbox 188 675 1404 1556">
     <span class='ocr_line' id='line_1_2' title="bbox 232 675 1403 763; baseline -0.002 -19"><span class='ocrx_word' id='word_1_2' title='bbox 232 698 298 763; x_wconf 86' lang='lat' dir='ltr'>eg.</span> <span class='ocrx_word' id='word_1_3' title='bbox 322 678 407 762; x_wconf 87' lang='lat' dir='ltr'>apud</span> <span class='ocrx_word' id='word_1_4' title='bbox 430 676 604 759; x_wconf 88' lang='lat' dir='ltr'><strong>Polybium</strong></span> <span class='ocrx_word' id='word_1_5' title='bbox 628 677 673 760; x_wconf 87' lang='grc'><strong>(2,</strong></span> <span class='ocrx_word' id='word_1_6' title='bbox 698 678 751 760; x_wconf 88' lang='lat'>38,</span> <span class='ocrx_word' id='word_1_7' title='bbox 776 681 812 741; x_wconf 85' lang='lat'>3:</span> <span class='ocrx_word' id='word_1_8' title='bbox 839 675 998 758; x_wconf 71' lang='grc' dir='ltr'><em>ὑπερέχειν</em></span> <span class='ocrx_word' id='word_1_9' title='bbox 1022 701 1057 741; x_wconf 93' lang='grc' dir='ltr'>π.</span> <span class='ocrx_word' id='word_1_10' title='bbox 1078 678 1180 757; x_wconf 84' lang='grc' dir='ltr'>μικρὸν</span> <span class='ocrx_word' id='word_1_11' title='bbox 1199 677 1296 761; x_wconf 86' lang='lat' dir='ltr'>paulo</span> <span class='ocrx_word' id='word_1_12' title='bbox 1309 697 1403 762; x_wconf 89' lang='lat' dir='ltr'>supe·</span> 
     </span>
     <span class='ocr_line' id='line_1_3' title="bbox 231 785 1402 875; baseline 0 -20"><span class='ocrx_word' id='word_1_13' title='bbox 231 811 317 872; x_wconf 89' lang='lat' dir='ltr'>rare;</span> <span class='ocrx_word' id='word_1_14' title='bbox 356 793 407 873; x_wconf 90' lang='lat'>12,</span> <span class='ocrx_word' id='word_1_15' title='bbox 443 792 495 874; x_wconf 93' lang='grc'><strong>20,</strong></span> <span class='ocrx_word' id='word_1_16' title='bbox 533 793 569 854; x_wconf 77' lang='lat' dir='ltr'>l:</span> <span class='ocrx_word' id='word_1_17' title='bbox 605 790 636 852; x_wconf 82' lang='grc' dir='ltr'>οὐ</span> <span class='ocrx_word' id='word_1_18' title='bbox 669 813 703 852; x_wconf 94' lang='grc' dir='ltr'>π.</span> <span class='ocrx_word' id='word_1_19' title='bbox 738 789 839 870; x_wconf 76' lang='grc' dir='ltr'>μικρὸν</span> <span class='ocrx_word' id='word_1_20' title='bbox 864 785 897 864; x_wconf 78' lang='grc' dir='ltr'>ἦν</span> <span class='ocrx_word' id='word_1_21' title='bbox 920 797 1053 870; x_wconf 82' lang='grc' dir='ltr'><em>κρεῖττον</em></span> <span class='ocrx_word' id='word_1_22' title='bbox 1077 811 1142 855; x_wconf 90' lang='lat' dir='ltr'>non</span> <span class='ocrx_word' id='word_1_23' title='bbox 1165 791 1263 875; x_wconf 89' lang='lat' dir='ltr'>paulo</span> <span class='ocrx_word' id='word_1_24' title='bbox 1286 792 1402 855; x_wconf 86' lang='lat' dir='ltr'>melius</span> 
     </span>
     <span class='ocr_line' id='line_1_4' title="bbox 232 902 1404 989; baseline -0.003 -18"><span class='ocrx_word' id='word_1_25' title='bbox 232 906 320 989; x_wconf 86' lang='lat' dir='ltr'>erat).</span> <span class='ocrx_word' id='word_1_26' title='bbox 354 905 407 968; x_wconf 91' lang='lat' dir='ltr'>Ad</span> <span class='ocrx_word' id='word_1_27' title='bbox 439 903 599 988; x_wconf 90' lang='lat' dir='ltr'>quaelibet</span> <span class='ocrx_word' id='word_1_28' title='bbox 622 902 720 968; x_wconf 88' lang='lat' dir='ltr'>verba</span> <span class='ocrx_word' id='word_1_29' title='bbox 745 904 908 988; x_wconf 79' lang='lat' dir='ltr'><strong>adpositae</strong></span> <span class='ocrx_word' id='word_1_30' title='bbox 930 904 1074 968; x_wconf 91' lang='lat' dir='ltr'>indicant</span> <span class='ocrx_word' id='word_1_31' title='bbox 1097 924 1194 988; x_wconf 88' lang='lat' dir='ltr'>parvo</span> <span class='ocrx_word' id='word_1_32' title='bbox 1219 906 1404 970; x_wconf 84' lang='lat' dir='ltr'>discrimine</span> 
     </span>
     <span class='ocr_line' id='line_1_5' title="bbox 188 1016 1403 1104; baseline 0 -22"><span class='ocrx_word' id='word_1_33' title='bbox 188 1045 190 1053; x_wconf 94' lang='lat'>·</span> <span class='ocrx_word' id='word_1_34' title='bbox 231 1020 351 1084; x_wconf 85' lang='lat' dir='ltr'>lactum</span> <span class='ocrx_word' id='word_1_35' title='bbox 388 1037 458 1082; x_wconf 87' lang='lat' dir='ltr'>esse</span> <span class='ocrx_word' id='word_1_36' title='bbox 492 1018 526 1082; x_wconf 96' lang='lat' dir='ltr'>id</span> <span class='ocrx_word' id='word_1_37' title='bbox 561 1018 647 1101; x_wconf 89' lang='lat' dir='ltr'>quod</span> <span class='ocrx_word' id='word_1_38' title='bbox 684 1016 782 1082; x_wconf 88' lang='lat' dir='ltr'>verbo</span> <span class='ocrx_word' id='word_1_39' title='bbox 817 1019 1018 1102; x_wconf 82' lang='lat' dir='ltr'>exprimitur,</span> <span class='ocrx_word' id='word_1_40' title='bbox 1047 1019 1093 1082; x_wconf 92' lang='lat' dir='ltr'>ita</span> <span class='ocrx_word' id='word_1_41' title='bbox 1124 1022 1160 1082; x_wconf 92' lang='lat' dir='ltr'>ut</span> <span class='ocrx_word' id='word_1_42' title='bbox 1189 1020 1272 1087; x_wconf 84' lang='lat' dir='ltr'>verti</span> <span class='ocrx_word' id='word_1_43' title='bbox 1303 1021 1403 1104; x_wconf 85' lang='lat' dir='ltr'>possit</span> 
     </span>
     <span class='ocr_line' id='line_1_6' title="bbox 231 1115 1402 1216; baseline -0.002 -19"><span class='ocrx_word' id='word_1_44' title='bbox 231 1135 351 1198; x_wconf 90' lang='lat' dir='ltr'>locutio</span> <span class='ocrx_word' id='word_1_45' title='bbox 385 1130 493 1214; x_wconf 86' lang='lat' dir='ltr'>,vix”.</span> <span class='ocrx_word' id='word_1_46' title='bbox 524 1131 577 1196; x_wconf 81' lang='lat' dir='ltr'>Sic</span> <span class='ocrx_word' id='word_1_47' title='bbox 609 1115 780 1215; x_wconf 87' lang='lat' dir='ltr'>usurpatas</span> <span class='ocrx_word' id='word_1_48' title='bbox 812 1131 961 1196; x_wconf 87' lang='lat' dir='ltr'>videmus</span> <span class='ocrx_word' id='word_1_49' title='bbox 985 1131 1142 1208; x_wconf 79' lang='lat' dir='ltr'>dictiones</span> <span class='ocrx_word' id='word_1_50' title='bbox 1166 1132 1251 1216; x_wconf 92' lang='lat' dir='ltr'>apud</span> <span class='ocrx_word' id='word_1_51' title='bbox 1274 1131 1402 1216; x_wconf 79' lang='lat' dir='ltr'>lluripi-</span> 
     </span>
     <span class='ocr_line' id='line_1_7' title="bbox 234 1243 1402 1330; baseline -0.003 -19"><span class='ocrx_word' id='word_1_52' title='bbox 234 1249 304 1311; x_wconf 90' lang='lat' dir='ltr'>dem</span> <span class='ocrx_word' id='word_1_53' title='bbox 328 1246 409 1330; x_wconf 89' lang='lat' dir='ltr'>(Iph.</span> <span class='ocrx_word' id='word_1_54' title='bbox 433 1247 464 1310; x_wconf 86' lang='grc' dir='ltr'>Τ.</span> <span class='ocrx_word' id='word_1_55' title='bbox 490 1245 585 1330; x_wconf 78' lang='grc'><strong>870);</strong></span> <span class='ocrx_word' id='word_1_56' title='bbox 611 1268 644 1307; x_wconf 95' lang='grc' dir='ltr'>π.</span> <span class='ocrx_word' id='word_1_57' title='bbox 670 1243 772 1322; x_wconf 72' lang='grc' dir='ltr'><em>ὀλίγον</em></span> <span class='ocrx_word' id='word_1_58' title='bbox 795 1243 959 1324; x_wconf 76' lang='grc' dir='ltr'><em>οίπέφνγες</em></span> <span class='ocrx_word' id='word_1_59' title='bbox 982 1243 1094 1324; x_wconf 82' lang='grc' dir='ltr'><em>ίλείρον</em></span> <span class='ocrx_word' id='word_1_60' title='bbox 1117 1245 1273 1330; x_wconf 81' lang='lat' dir='ltr'>(effugisti</span> <span class='ocrx_word' id='word_1_61' title='bbox 1297 1248 1402 1330; x_wconf 89' lang='lat' dir='ltr'>perni-</span> 
     </span>
     <span class='ocr_line' id='line_1_8' title="bbox 234 1357 1401 1444; baseline -0.001 -20"><span class='ocrx_word' id='word_1_62' title='bbox 234 1363 323 1442; x_wconf 89' lang='lat' dir='ltr'>ciem,</span> <span class='ocrx_word' id='word_1_63' title='bbox 357 1379 455 1444; x_wconf 87' lang='lat' dir='ltr'>parvo</span> <span class='ocrx_word' id='word_1_64' title='bbox 490 1365 596 1423; x_wconf 90' lang='lat' dir='ltr'>tamen</span> <span class='ocrx_word' id='word_1_65' title='bbox 628 1358 837 1443; x_wconf 82' lang='lat' dir='ltr'>discrimine),</span> <span class='ocrx_word' id='word_1_66' title='bbox 861 1359 946 1442; x_wconf 89' lang='lat' dir='ltr'>apud</span> <span class='ocrx_word' id='word_1_67' title='bbox 968 1357 1199 1442; x_wconf 88' lang='lat' dir='ltr'>Alciphrcnem</span> <span class='ocrx_word' id='word_1_68' title='bbox 1223 1359 1268 1442; x_wconf 87' lang='grc'><strong>(3,</strong></span> <span class='ocrx_word' id='word_1_69' title='bbox 1293 1360 1324 1438; x_wconf 91' lang='grc'><strong>5,</strong></span> <span class='ocrx_word' id='word_1_70' title='bbox 1349 1359 1401 1442; x_wconf 87' lang='grc'>3);</span> 
     </span>
     <span class='ocr_line' id='line_1_9' title="bbox 234 1469 1251 1556; baseline 0 -20"><span class='ocrx_word' id='word_1_71' title='bbox 234 1496 267 1536; x_wconf 91' lang='grc' dir='ltr'>π.</span> <span class='ocrx_word' id='word_1_72' title='bbox 292 1471 399 1552; x_wconf 76' lang='grc' dir='ltr'><em>βραχὺ</em></span> <span class='ocrx_word' id='word_1_73' title='bbox 424 1471 600 1552; x_wconf 66' lang='lat' dir='ltr'>&lt;capicerio</span> <span class='ocrx_word' id='word_1_74' title='bbox 623 1469 747 1534; x_wconf 77' lang='grc' dir='ltr'><em>κίνδυνον</em></span> <span class='ocrx_word' id='word_1_75' title='bbox 770 1470 841 1555; x_wconf 85' lang='lat' dir='ltr'>(vix</span> <span class='ocrx_word' id='word_1_76' title='bbox 865 1471 1046 1554; x_wconf 87' lang='lat' dir='ltr'>periculum</span> <span class='ocrx_word' id='word_1_77' title='bbox 1071 1471 1251 1556; x_wconf 82' lang='lat' dir='ltr'>effugiens).</span> 
     </span>
    </p>

    <p class='ocr_par' dir='ltr' id='par_1_3' title="bbox 232 1582 1403 2125">
     <span class='ocr_line' id='line_1_10' title="bbox 276 1582 1402 1670; baseline -0.001 -19"><span class='ocrx_word' id='word_1_78' title='bbox 276 1585 305 1670; x_wconf 87' lang='lat' dir='ltr'>b)</span> <span class='ocrx_word' id='word_1_79' title='bbox 340 1585 403 1651; x_wconf 80' lang='lat' dir='ltr'>sed</span> <span class='ocrx_word' id='word_1_80' title='bbox 438 1591 550 1649; x_wconf 91' lang='lat' dir='ltr'>uotum</span> <span class='ocrx_word' id='word_1_81' title='bbox 585 1590 633 1648; x_wconf 88' lang='lat' dir='ltr'>est</span> <span class='ocrx_word' id='word_1_82' title='bbox 666 1584 749 1648; x_wconf 92' lang='lat' dir='ltr'>illud</span> <span class='ocrx_word' id='word_1_83' title='bbox 787 1582 871 1664; x_wconf 77' lang='grc' dir='ltr'>παρὰ</span> <span class='ocrx_word' id='word_1_84' title='bbox 906 1583 985 1648; x_wconf 78' lang='grc' dir='ltr'><em>πολὺ</em></span> <span class='ocrx_word' id='word_1_85' title='bbox 1021 1604 1085 1648; x_wconf 93' lang='lat' dir='ltr'>non</span> <span class='ocrx_word' id='word_1_86' title='bbox 1118 1591 1243 1649; x_wconf 91' lang='lat' dir='ltr'>tantum</span> <span class='ocrx_word' id='word_1_87' title='bbox 1274 1586 1402 1650; x_wconf 84' lang='lat' dir='ltr'>italam</span> 
     </span>
     <span class='ocr_line' id='line_1_11' title="bbox 232 1699 1403 1785; baseline 0.001 -21"><span class='ocrx_word' id='word_1_88' title='bbox 232 1702 413 1785; x_wconf 88' lang='lat' dir='ltr'>antiquitus</span> <span class='ocrx_word' id='word_1_89' title='bbox 447 1702 598 1782; x_wconf 86' lang='lat' dir='ltr'>usurpari</span> <span class='ocrx_word' id='word_1_90' title='bbox 623 1699 754 1763; x_wconf 89' lang='lat' dir='ltr'>solitum</span> <span class='ocrx_word' id='word_1_91' title='bbox 778 1717 848 1763; x_wconf 90' lang='lat' dir='ltr'>esse</span> <span class='ocrx_word' id='word_1_92' title='bbox 872 1703 907 1762; x_wconf 90' lang='lat' dir='ltr'>ut</span> <span class='ocrx_word' id='word_1_93' title='bbox 930 1699 1126 1764; x_wconf 86' lang='lat' dir='ltr'>indicaretur</span> <span class='ocrx_word' id='word_1_94' title='bbox 1151 1706 1270 1783; x_wconf 87' lang='lat' dir='ltr'>quanto</span> <span class='ocrx_word' id='word_1_95' title='bbox 1294 1700 1403 1765; x_wconf 89' lang='lat' dir='ltr'>discri-</span> 
     </span>
     <span class='ocr_line' id='line_1_12' title="bbox 233 1812 1403 1907; baseline 0 -29"><span class='ocrx_word' id='word_1_96' title='bbox 233 1816 317 1880; x_wconf 88' lang='lat' dir='ltr'>mine</span> <span class='ocrx_word' id='word_1_97' title='bbox 348 1816 427 1900; x_wconf 55' lang='lat' dir='ltr'>⁴quia</span> <span class='ocrx_word' id='word_1_98' title='bbox 462 1814 574 1878; x_wconf 88' lang='lat' dir='ltr'>vicerit</span> <span class='ocrx_word' id='word_1_99' title='bbox 597 1813 707 1894; x_wconf 90' lang='lat' dir='ltr'>alium,</span> <span class='ocrx_word' id='word_1_100' title='bbox 730 1812 818 1876; x_wconf 92' lang='lat' dir='ltr'>aliud</span> <span class='ocrx_word' id='word_1_101' title='bbox 843 1812 897 1876; x_wconf 91' lang='lat' dir='ltr'>alii</span> <span class='ocrx_word' id='word_1_102' title='bbox 919 1815 1150 1897; x_wconf 80' lang='lat' dir='ltr'>praeposuerit,</span> <span class='ocrx_word' id='word_1_103' title='bbox 1172 1815 1403 1907; x_wconf 29' lang='lat' dir='ltr'>inter&#39;ceteros</span> 
     </span>
     <span class='ocr_line' id='line_1_13' title="bbox 232 1925 1402 2011; baseline 0 -19"><span class='ocrx_word' id='word_1_104' title='bbox 232 1928 376 2010; x_wconf 86' lang='lat' dir='ltr'>excellat,</span> <span class='ocrx_word' id='word_1_105' title='bbox 394 1927 538 2011; x_wconf 80' lang='lat' dir='ltr'>&#39;denique</span> <span class='ocrx_word' id='word_1_106' title='bbox 563 1931 722 2011; x_wconf 87' lang='lat' dir='ltr'>quatenus</span> <span class='ocrx_word' id='word_1_107' title='bbox 747 1926 821 2011; x_wconf 89' lang='lat' dir='ltr'>quis</span> <span class='ocrx_word' id='word_1_108' title='bbox 845 1926 923 2009; x_wconf 89' lang='lat' dir='ltr'>quid</span> <span class='ocrx_word' id='word_1_109' title='bbox 955 1925 1152 2003; x_wconf 86' lang='lat' dir='ltr'>fecerit,</span> <span class='ocrx_word' id='word_1_110' title='bbox 1174 1927 1231 1992; x_wconf 86' lang='lat' dir='ltr'>sed</span> <span class='ocrx_word' id='word_1_111' title='bbox 1254 1928 1402 1992; x_wconf 87' lang='lat' dir='ltr'>etiamad</span> 
     </span>
     <span class='ocr_line' id='line_1_14' title="bbox 233 2024 1403 2125; baseline 0.001 -21"><span class='ocrx_word' id='word_1_112' title='bbox 233 2040 478 2125; x_wconf 84' lang='lat' dir='ltr'>significandum</span> <span class='ocrx_word' id='word_1_113' title='bbox 505 2045 663 2124; x_wconf 90' lang='lat' dir='ltr'>quantum</span> <span class='ocrx_word' id='word_1_114' title='bbox 696 2039 772 2104; x_wconf 81' lang='lat' dir='ltr'>asu</span> <span class='ocrx_word' id='word_1_115' title='bbox 786 2040 879 2104; x_wconf 90' lang='lat' dir='ltr'>erit</span> <span class='ocrx_word' id='word_1_116' title='bbox 908 2043 943 2103; x_wconf 97' lang='lat' dir='ltr'>ut</span> <span class='ocrx_word' id='word_1_117' title='bbox 966 2024 1089 2124; x_wconf 84' lang='lat' dir='ltr'>aliquid</span> <span class='ocrx_word' id='word_1_118' title='bbox 1112 2041 1154 2105; x_wconf 88' lang='lat' dir='ltr'>sit</span> <span class='ocrx_word' id='word_1_119' title='bbox 1177 2046 1403 2124; x_wconf 89' lang='lat' dir='ltr'>perpetratum.</span> 
     </span>
    </p>

    <p class='ocr_par' dir='ltr' id='par_1_4' title="bbox 232 2153 1402 2350">
     <span class='ocr_line' id='line_1_15' title="bbox 276 2153 1401 2237; baseline 0.002 -20"><span class='ocrx_word' id='word_1_120' title='bbox 276 2153 457 2217; x_wconf 78' lang='lat' dir='ltr'>Transitum</span> <span class='ocrx_word' id='word_1_121' title='bbox 489 2155 654 2237; x_wconf 81' lang='lat' dir='ltr'>aptissime</span> <span class='ocrx_word' id='word_1_122' title='bbox 688 2153 869 2236; x_wconf 88' lang='lat' dir='ltr'>perspicere</span> <span class='ocrx_word' id='word_1_123' title='bbox 903 2171 1077 2235; x_wconf 90' lang='lat' dir='ltr'>possumus</span> <span class='ocrx_word' id='word_1_124' title='bbox 1112 2153 1145 2215; x_wconf 90' lang='lat' dir='ltr'>in</span> <span class='ocrx_word' id='word_1_125' title='bbox 1171 2153 1299 2218; x_wconf 90' lang='lat' dir='ltr'>duobus</span> <span class='ocrx_word' id='word_1_126' title='bbox 1322 2154 1401 2219; x_wconf 90' lang='lat' dir='ltr'>locis</span> 
     </span>
     <span class='ocr_line' id='line_1_16' title="bbox 232 2260 1402 2350; baseline 0 -19"><span class='ocrx_word' id='word_1_127' title='bbox 232 2265 497 2348; x_wconf 87' lang='lat' dir='ltr'>Demosthenicis,</span> <span class='ocrx_word' id='word_1_128' title='bbox 528 2285 643 2350; x_wconf 86' lang='lat' dir='ltr'>nempe</span> <span class='ocrx_word' id='word_1_129' title='bbox 670 2266 723 2347; x_wconf 89' lang='lat'>23,</span> <span class='ocrx_word' id='word_1_130' title='bbox 747 2265 829 2329; x_wconf 85' lang='lat'>205:</span> <span class='ocrx_word' id='word_1_131' title='bbox 855 2262 976 2341; x_wconf 83' lang='grc' dir='ltr'><em>Κίμωνα</em></span> <span class='ocrx_word' id='word_1_132' title='bbox 998 2260 1043 2328; x_wconf 83' lang='grc' dir='ltr'>ίτι</span> <span class='ocrx_word' id='word_1_133' title='bbox 1063 2263 1117 2336; x_wconf 70' lang='grc' dir='ltr'>τὴν</span> <span class='ocrx_word' id='word_1_134' title='bbox 1141 2264 1256 2345; x_wconf 87' lang='grc' dir='ltr'><em>Παρίοιν</em></span> <span class='ocrx_word' id='word_1_135' title='bbox 1280 2266 1402 2344; x_wconf 83' lang='grc' dir='ltr'><em>μετεκί-</em></span> 
     </span>
    </p>
   </div>
   <div class='ocr_carea' id='block_1_3' title="bbox 120 2377 1401 2460">
    <p class='ocr_par' dir='ltr' id='par_1_5' title="bbox 120 2377 1401 2460">
     <span class='ocr_line' id='line_1_17' title="bbox 120 2377 1401 2460; baseline 0.003 -18"><span class='ocrx_word' id='word_1_136' title='bbox 120 2386 122 2391; x_wconf 83' lang='grc'><strong>’</strong></span> <span class='ocrx_word' id='word_1_137' title='bbox 231 2404 299 2453; x_wconf 73' lang='lat' dir='ltr'>aare</span> <span class='ocrx_word' id='word_1_138' title='bbox 334 2378 492 2444; x_wconf 71' lang='grc' dir='ltr'><em>πολιτείαν</em></span> <span class='ocrx_word' id='word_1_139' title='bbox 528 2380 578 2459; x_wconf 85' lang='grc' dir='ltr'>ἐφ’</span> <span class='ocrx_word' id='word_1_140' title='bbox 614 2378 721 2443; x_wconf 79' lang='grc' dir='ltr'><em>ἑαυτοῦ</em></span> <span class='ocrx_word' id='word_1_141' title='bbox 758 2377 842 2459; x_wconf 76' lang='grc' dir='ltr'>παρα</span> <span class='ocrx_word' id='word_1_142' title='bbox 877 2384 955 2457; x_wconf 81' lang='grc' dir='ltr'><em>τρεῖς</em></span> <span class='ocrx_word' id='word_1_143' title='bbox 989 2378 1123 2460; x_wconf 82' lang='grc' dir='ltr'><em>οίφεῖσαν</em></span> <span class='ocrx_word' id='word_1_144' title='bbox 1154 2378 1275 2460; x_wconf 75' lang='grc' dir='ltr'>ψήφους</span> <span class='ocrx_word' id='word_1_145' title='bbox 1297 2381 1332 2446; x_wconf 84' lang='grc' dir='ltr'>τὸ</span> <span class='ocrx_word' id='word_1_146' title='bbox 1357 2383 1401 2459; x_wconf 67' lang='grc' dir='ltr'>μὴ</span> 
     </span>
    </p>
   </div>
   <div class='ocr_carea' id='block_1_4' title="bbox 230 2490 1462 4587">
    <p class='ocr_par' dir='ltr' id='par_1_6' title="bbox 230 2490 1404 3260">
     <span class='ocr_line' id='line_1_18' title="bbox 231 2490 1404 2577; baseline 0.002 -19"><span class='ocrx_word' id='word_1_147' title='bbox 231 2493 347 2574; x_wconf 83' lang='grc' dir='ltr'><em>ίανοίτιρ</em></span> <span class='ocrx_word' id='word_1_148' title='bbox 380 2490 541 2573; x_wconf 71' lang='grc' dir='ltr'><em>ζημιῶσαι,</em></span> <span class='ocrx_word' id='word_1_149' title='bbox 577 2513 641 2577; x_wconf 91' lang='lat' dir='ltr'>quo</span> <span class='ocrx_word' id='word_1_150' title='bbox 676 2494 746 2556; x_wconf 90' lang='lat' dir='ltr'>loco</span> <span class='ocrx_word' id='word_1_151' title='bbox 779 2493 970 2576; x_wconf 85' lang='lat' dir='ltr'>significatio</span> <span class='ocrx_word' id='word_1_152' title='bbox 994 2493 1154 2558; x_wconf 88' lang='lat' dir='ltr'>inclusiva</span> <span class='ocrx_word' id='word_1_153' title='bbox 1178 2514 1274 2577; x_wconf 89' lang='lat' dir='ltr'>quam</span> <span class='ocrx_word' id='word_1_154' title='bbox 1299 2495 1404 2561; x_wconf 90' lang='lat' dir='ltr'>dicere</span> 
     </span>
     <span class='ocr_line' id='line_1_19' title="bbox 230 2583 1402 2692; baseline 0.001 -21"><span class='ocrx_word' id='word_1_155' title='bbox 230 2628 405 2692; x_wconf 87' lang='lat' dir='ltr'>possumus</span> <span class='ocrx_word' id='word_1_156' title='bbox 437 2609 591 2671; x_wconf 88' lang='lat' dir='ltr'>occurrit:</span> <span class='ocrx_word' id='word_1_157' title='bbox 616 2606 802 2671; x_wconf 91' lang='lat' dir='ltr'>discrimine</span> <span class='ocrx_word' id='word_1_158' title='bbox 824 2607 923 2669; x_wconf 91' lang='lat' dir='ltr'>trium</span> <span class='ocrx_word' id='word_1_159' title='bbox 941 2605 1172 2689; x_wconf 77' lang='lat' dir='ltr'>suffragiorum</span> <span class='ocrx_word' id='word_1_160' title='bbox 1196 2583 1330 2688; x_wconf 86' lang='grc' dir='ltr'><em>οίφείσαν</em></span> <span class='ocrx_word' id='word_1_161' title='bbox 1353 2608 1402 2673; x_wconf 72' lang='grc'>01-</span> 
     </span>
     <span class='ocr_line' id='line_1_20' title="bbox 234 2717 1403 2807; baseline 0.003 -22"><span class='ocrx_word' id='word_1_162' title='bbox 234 2741 368 2804; x_wconf 90' lang='lat' dir='ltr'>monem,</span> <span class='ocrx_word' id='word_1_163' title='bbox 392 2724 502 2807; x_wconf 89' lang='lat' dir='ltr'>itaque</span> <span class='ocrx_word' id='word_1_164' title='bbox 528 2718 633 2803; x_wconf 77' lang='grc' dir='ltr'>,παρα</span> <span class='ocrx_word' id='word_1_165' title='bbox 655 2725 732 2799; x_wconf 85' lang='grc' dir='ltr'><em>τρεῖς</em></span> <span class='ocrx_word' id='word_1_166' title='bbox 755 2717 878 2799; x_wconf 75' lang='grc' dir='ltr'>ψήφους</span> <span class='ocrx_word' id='word_1_167' title='bbox 902 2717 1083 2799; x_wconf 73' lang='grc' dir='ltr'><em>οίπίφννε”.</em></span> <span class='ocrx_word' id='word_1_168' title='bbox 1104 2720 1195 2784; x_wconf 87' lang='lat' dir='ltr'>Alter</span> <span class='ocrx_word' id='word_1_169' title='bbox 1213 2720 1305 2787; x_wconf 90' lang='lat' dir='ltr'>locus</span> <span class='ocrx_word' id='word_1_170' title='bbox 1326 2724 1403 2788; x_wconf 92' lang='lat' dir='ltr'>haec</span> 
     </span>
     <span class='ocr_line' id='line_1_21' title="bbox 233 2829 1399 2920; baseline 0.003 -22"><span class='ocrx_word' id='word_1_171' title='bbox 233 2834 327 2901; x_wconf 86' lang='lat' dir='ltr'>habet</span> <span class='ocrx_word' id='word_1_172' title='bbox 357 2836 425 2920; x_wconf 91' lang='grc'><strong>(10,</strong></span> <span class='ocrx_word' id='word_1_173' title='bbox 450 2836 501 2919; x_wconf 86' lang='lat'>9):</span> <span class='ocrx_word' id='word_1_174' title='bbox 527 2832 643 2908; x_wconf 70' lang='grc' dir='ltr'><em>ταύτης</em></span> <span class='ocrx_word' id='word_1_175' title='bbox 666 2832 896 2914; x_wconf 73' lang='grc' dir='ltr'>ὀλιγωρουμένης</span> <span class='ocrx_word' id='word_1_176' title='bbox 919 2829 1050 2913; x_wconf 69' lang='grc' dir='ltr'><em>Μέγαρα</em></span> <span class='ocrx_word' id='word_1_177' title='bbox 1072 2831 1151 2896; x_wconf 79' lang='grc' dir='ltr'><em>ἓοίλοι</em></span> <span class='ocrx_word' id='word_1_178' title='bbox 1177 2833 1262 2914; x_wconf 78' lang='grc' dir='ltr'>παρα</span> <span class='ocrx_word' id='word_1_179' title='bbox 1286 2835 1399 2917; x_wconf 69' lang='lat' dir='ltr'>proptr,</span> 
     </span>
     <span class='ocr_line' id='line_1_22' title="bbox 233 2947 1403 3035; baseline 0.003 -23"><span class='ocrx_word' id='word_1_180' title='bbox 233 2950 319 3014; x_wconf 90' lang='lat' dir='ltr'>hisce</span> <span class='ocrx_word' id='word_1_181' title='bbox 353 2949 459 3015; x_wconf 88' lang='lat' dir='ltr'>verbis</span> <span class='ocrx_word' id='word_1_182' title='bbox 492 2951 577 3013; x_wconf 89' lang='lat' dir='ltr'>inest</span> <span class='ocrx_word' id='word_1_183' title='bbox 611 2949 755 3013; x_wconf 85' lang='lat' dir='ltr'>exclusio</span> <span class='ocrx_word' id='word_1_184' title='bbox 791 2947 965 3031; x_wconf 71' lang='lat' dir='ltr'>quaedam,</span> <span class='ocrx_word' id='word_1_185' title='bbox 1005 2947 1277 3031; x_wconf 87' lang='lat' dir='ltr'>„propemodum”</span> <span class='ocrx_word' id='word_1_186' title='bbox 1311 2956 1403 3035; x_wconf 88' lang='lat' dir='ltr'>capta</span> 
     </span>
     <span class='ocr_line' id='line_1_23' title="bbox 233 3060 1402 3147; baseline 0.001 -20"><span class='ocrx_word' id='word_1_187' title='bbox 233 3068 308 3128; x_wconf 87' lang='lat' dir='ltr'>sunt</span> <span class='ocrx_word' id='word_1_188' title='bbox 342 3063 480 3147; x_wconf 84' lang='lat' dir='ltr'>Megara,</span> <span class='ocrx_word' id='word_1_189' title='bbox 515 3081 579 3126; x_wconf 90' lang='lat' dir='ltr'>non</span> <span class='ocrx_word' id='word_1_190' title='bbox 610 3069 716 3126; x_wconf 90' lang='lat' dir='ltr'>tamen</span> <span class='ocrx_word' id='word_1_191' title='bbox 748 3065 935 3145; x_wconf 85' lang='lat' dir='ltr'>expugnata</span> <span class='ocrx_word' id='word_1_192' title='bbox 958 3061 1051 3140; x_wconf 78' lang='lat' dir='ltr'>su&#39;ut3</span> <span class='ocrx_word' id='word_1_193' title='bbox 1077 3060 1210 3144; x_wconf 90' lang='lat' dir='ltr'>paulum</span> <span class='ocrx_word' id='word_1_194' title='bbox 1234 3062 1342 3128; x_wconf 88' lang='lat' dir='ltr'>aberat</span> <span class='ocrx_word' id='word_1_195' title='bbox 1366 3070 1402 3128; x_wconf 88' lang='lat' dir='ltr'>ut</span> 
     </span>
     <span class='ocr_line' id='line_1_24' title="bbox 232 3183 429 3260; baseline -0.01 -19"><span class='ocrx_word' id='word_1_196' title='bbox 232 3183 429 3260; x_wconf 91' lang='lat' dir='ltr'>caperentur.</span> 
     </span>
    </p>

    <p class='ocr_par' dir='ltr' id='par_1_7' title="bbox 230 3273 1462 4510">
     <span class='ocr_line' id='line_1_25' title="bbox 277 3273 1462 3374; baseline 0.002 -20"><span class='ocrx_word' id='word_1_197' title='bbox 277 3290 454 3373; x_wconf 89' lang='lat' dir='ltr'>Utramque</span> <span class='ocrx_word' id='word_1_198' title='bbox 497 3288 761 3374; x_wconf 85' lang='lat' dir='ltr'>significationem</span> <span class='ocrx_word' id='word_1_199' title='bbox 806 3307 871 3351; x_wconf 89' lang='lat' dir='ltr'>uua</span> <span class='ocrx_word' id='word_1_200' title='bbox 904 3287 1127 3351; x_wconf 89' lang='lat' dir='ltr'>enuntiatione</span> <span class='ocrx_word' id='word_1_201' title='bbox 1162 3289 1403 3372; x_wconf 89' lang='lat' dir='ltr'>comprehendit</span> <span class='ocrx_word' id='word_1_202' title='bbox 1461 3273 1462 3276; x_wconf 9' lang='grc' dir='ltr'><strong>Ἴ</strong></span> 
     </span>
     <span class='ocr_line' id='line_1_26' title="bbox 230 3397 1400 3487; baseline 0.002 -20"><span class='ocrx_word' id='word_1_203' title='bbox 230 3404 434 3486; x_wconf 81' lang='lat' dir='ltr'>Thucydides</span> <span class='ocrx_word' id='word_1_204' title='bbox 468 3402 513 3487; x_wconf 71' lang='lat' dir='ltr'>(d,</span> <span class='ocrx_word' id='word_1_205' title='bbox 540 3404 591 3484; x_wconf 84' lang='grc'><strong>71,</strong></span> <span class='ocrx_word' id='word_1_206' title='bbox 616 3401 667 3485; x_wconf 88' lang='grc'>3);</span> <span class='ocrx_word' id='word_1_207' title='bbox 691 3399 739 3464; x_wconf 74' lang='lat' dir='ltr'>niel</span> <span class='ocrx_word' id='word_1_208' title='bbox 763 3398 823 3479; x_wconf 77' lang='lat' dir='ltr'>yalp</span> <span class='ocrx_word' id='word_1_209' title='bbox 847 3422 882 3463; x_wconf 91' lang='grc' dir='ltr'>π.</span> <span class='ocrx_word' id='word_1_210' title='bbox 906 3397 1005 3476; x_wconf 73' lang='grc' dir='ltr'><em>ὀλίγον</em></span> <span class='ocrx_word' id='word_1_211' title='bbox 1029 3398 1045 3473; x_wconf 78' lang='grc' dir='ltr'>ἢ</span> <span class='ocrx_word' id='word_1_212' title='bbox 1069 3398 1227 3481; x_wconf 73' lang='grc' dir='ltr'><em>διέφευγον</em></span> <span class='ocrx_word' id='word_1_213' title='bbox 1251 3400 1267 3477; x_wconf 74' lang='grc' dir='ltr'>ἢ</span> <span class='ocrx_word' id='word_1_214' title='bbox 1293 3403 1400 3469; x_wconf 81' lang='grc' dir='ltr'><em>οίποίλ-</em></span> 
     </span>
     <span class='ocr_line' id='line_1_27' title="bbox 232 3512 1400 3600; baseline 0 -18"><span class='ocrx_word' id='word_1_215' title='bbox 232 3531 321 3582; x_wconf 87' lang='grc' dir='ltr'><em>λυντο</em></span> <span class='ocrx_word' id='word_1_216' title='bbox 355 3536 501 3600; x_wconf 89' lang='lat' dir='ltr'>,semper</span> <span class='ocrx_word' id='word_1_217' title='bbox 523 3517 608 3580; x_wconf 92' lang='lat' dir='ltr'>enim</span> <span class='ocrx_word' id='word_1_218' title='bbox 634 3515 728 3579; x_wconf 91' lang='lat' dir='ltr'>modo</span> <span class='ocrx_word' id='word_1_219' title='bbox 752 3515 901 3598; x_wconf 85' lang='lat' dir='ltr'>proxime</span> <span class='ocrx_word' id='word_1_220' title='bbox 923 3534 942 3577; x_wconf 89' lang='lat' dir='ltr'>a</span> <span class='ocrx_word' id='word_1_221' title='bbox 965 3512 1069 3578; x_wconf 86' lang='lat' dir='ltr'>salute</span> <span class='ocrx_word' id='word_1_222' title='bbox 1093 3515 1187 3579; x_wconf 91' lang='lat' dir='ltr'>modo</span> <span class='ocrx_word' id='word_1_223' title='bbox 1200 3515 1246 3579; x_wconf 86' lang='lat' dir='ltr'>ab</span> <span class='ocrx_word' id='word_1_224' title='bbox 1269 3519 1400 3582; x_wconf 86' lang='lat' dir='ltr'>interitu</span> 
     </span>
     <span class='ocr_line' id='line_1_28' title="bbox 231 3626 1401 3714; baseline 0.003 -20"><span class='ocrx_word' id='word_1_225' title='bbox 231 3629 379 3711; x_wconf 76' lang='lat' dir='ltr'>aberant,</span> <span class='ocrx_word' id='word_1_226' title='bbox 404 3632 460 3694; x_wconf 87' lang='lat' dir='ltr'>vix</span> <span class='ocrx_word' id='word_1_227' title='bbox 483 3630 664 3714; x_wconf 87' lang='lat' dir='ltr'>effugerunt</span> <span class='ocrx_word' id='word_1_228' title='bbox 687 3633 743 3692; x_wconf 92' lang='lat' dir='ltr'>aut</span> <span class='ocrx_word' id='word_1_229' title='bbox 762 3626 991 3712; x_wconf 90' lang='lat' dir='ltr'>propemodum</span> <span class='ocrx_word' id='word_1_230' title='bbox 1012 3627 1233 3692; x_wconf 89' lang='lat' dir='ltr'>interierunt&#39;&#39;.</span> <span class='ocrx_word' id='word_1_231' title='bbox 1246 3629 1401 3698; x_wconf 89' lang='lat' dir='ltr'>Isocrates</span> 
     </span>
     <span class='ocr_line' id='line_1_29' title="bbox 231 3739 1401 3829; baseline 0.002 -22"><span class='ocrx_word' id='word_1_232' title='bbox 231 3746 273 3828; x_wconf 87' lang='grc'><strong>(8,</strong></span> <span class='ocrx_word' id='word_1_233' title='bbox 310 3746 363 3825; x_wconf 83' lang='grc'>95)</span> <span class='ocrx_word' id='word_1_234' title='bbox 397 3744 663 3829; x_wconf 84' lang='lat' dir='ltr'>significationem</span> <span class='ocrx_word' id='word_1_235' title='bbox 698 3739 971 3825; x_wconf 81' lang='lat' dir='ltr'>„propemodum”</span> <span class='ocrx_word' id='word_1_236' title='bbox 994 3739 1140 3825; x_wconf 86' lang='lat' dir='ltr'>praebet:</span> <span class='ocrx_word' id='word_1_237' title='bbox 1167 3743 1401 3817; x_wconf 70' lang='grc' dir='ltr'><em>τὴνπολιτείαν</em></span> 
     </span>
     <span class='ocr_line' id='line_1_30' title="bbox 232 3840 1401 3943; baseline 0.002 -23"><span class='ocrx_word' id='word_1_238' title='bbox 232 3881 267 3921; x_wconf 92' lang='grc' dir='ltr'>π.</span> <span class='ocrx_word' id='word_1_239' title='bbox 291 3857 394 3938; x_wconf 77' lang='grc' dir='ltr'>μικρὸν</span> <span class='ocrx_word' id='word_1_240' title='bbox 417 3860 563 3922; x_wconf 80' lang='grc' dir='ltr'><em>σαλεῦσαι</em></span> <span class='ocrx_word' id='word_1_241' title='bbox 588 3855 638 3920; x_wconf 80' lang='grc' dir='ltr'>καί</span> <span class='ocrx_word' id='word_1_242' title='bbox 663 3855 783 3929; x_wconf 74' lang='grc' dir='ltr'><em>λυθῆναι</em></span> <span class='ocrx_word' id='word_1_243' title='bbox 809 3852 952 3932; x_wconf 73' lang='grc' dir='ltr'><em>ἐποίησεν.</em></span> <span class='ocrx_word' id='word_1_244' title='bbox 973 3854 1070 3938; x_wconf 90' lang='lat' dir='ltr'>Apud</span> <span class='ocrx_word' id='word_1_245' title='bbox 1090 3840 1283 3921; x_wconf 78' lang='lat' dir='ltr'>recentiores</span> <span class='ocrx_word' id='word_1_246' title='bbox 1303 3860 1401 3943; x_wconf 85' lang='lat' dir='ltr'>scrip-</span> 
     </span>
     <span class='ocr_line' id='line_1_31' title="bbox 232 3965 1405 4057; baseline -0.005 -20"><span class='ocrx_word' id='word_1_247' title='bbox 232 3979 316 4037; x_wconf 88' lang='lat' dir='ltr'>tores</span> <span class='ocrx_word' id='word_1_248' title='bbox 348 3992 415 4057; x_wconf 84' lang='lat' dir='ltr'>eg.</span> <span class='ocrx_word' id='word_1_249' title='bbox 439 3971 524 4056; x_wconf 91' lang='lat' dir='ltr'>apud</span> <span class='ocrx_word' id='word_1_250' title='bbox 548 3969 720 4050; x_wconf 90' lang='lat' dir='ltr'>Polybium</span> <span class='ocrx_word' id='word_1_251' title='bbox 744 3968 923 4032; x_wconf 91' lang='lat' dir='ltr'>locutiones</span> <span class='ocrx_word' id='word_1_252' title='bbox 947 3966 1019 4048; x_wconf 88' lang='grc' dir='ltr'>παρ’</span> <span class='ocrx_word' id='word_1_253' title='bbox 1044 3965 1155 4045; x_wconf 69' lang='grc' dir='ltr'><em>ὀλίγον,</em></span> <span class='ocrx_word' id='word_1_254' title='bbox 1181 3969 1265 4049; x_wconf 78' lang='grc' dir='ltr'>παρὰ</span> <span class='ocrx_word' id='word_1_255' title='bbox 1289 3971 1405 4052; x_wconf 75' lang='grc' dir='ltr'>μικρόν,</span> 
     </span>
     <span class='ocr_line' id='line_1_32' title="bbox 232 4079 1401 4169; baseline 0.002 -21"><span class='ocrx_word' id='word_1_256' title='bbox 232 4086 315 4166; x_wconf 77' lang='grc' dir='ltr'>παρα</span> <span class='ocrx_word' id='word_1_257' title='bbox 347 4084 452 4165; x_wconf 79' lang='grc' dir='ltr'><em>βραχὺ</em></span> <span class='ocrx_word' id='word_1_258' title='bbox 481 4084 546 4151; x_wconf 86' lang='lat' dir='ltr'>fere</span> <span class='ocrx_word' id='word_1_259' title='bbox 570 4103 703 4168; x_wconf 86' lang='lat' dir='ltr'>prorsus</span> <span class='ocrx_word' id='word_1_260' title='bbox 726 4079 952 4146; x_wconf 88' lang='lat' dir='ltr'>adverbialiter</span> <span class='ocrx_word' id='word_1_261' title='bbox 974 4086 1147 4164; x_wconf 87' lang='lat' dir='ltr'>usurpatae</span> <span class='ocrx_word' id='word_1_262' title='bbox 1171 4089 1256 4167; x_wconf 87' lang='lat' dir='ltr'>sunt,</span> <span class='ocrx_word' id='word_1_263' title='bbox 1280 4086 1401 4169; x_wconf 88' lang='lat' dir='ltr'>signifi-</span> 
     </span>
     <span class='ocr_line' id='line_1_33' title="bbox 230 4193 1401 4283; baseline 0 -20"><span class='ocrx_word' id='word_1_264' title='bbox 230 4201 354 4264; x_wconf 90' lang='lat' dir='ltr'>catione</span> <span class='ocrx_word' id='word_1_265' title='bbox 390 4195 663 4283; x_wconf 86' lang='lat' dir='ltr'>,propemodum&#39;&#39;</span> <span class='ocrx_word' id='word_1_266' title='bbox 697 4195 857 4280; x_wconf 89' lang='lat' dir='ltr'>praeditae</span> <span class='ocrx_word' id='word_1_267' title='bbox 891 4193 1018 4278; x_wconf 90' lang='lat' dir='ltr'>(Polyb.</span> <span class='ocrx_word' id='word_1_268' title='bbox 1045 4195 1074 4276; x_wconf 95' lang='grc'><strong>1,</strong></span> <span class='ocrx_word' id='word_1_269' title='bbox 1099 4195 1152 4277; x_wconf 90' lang='grc'><strong>21,</strong></span> <span class='ocrx_word' id='word_1_270' title='bbox 1177 4197 1215 4259; x_wconf 88' lang='grc'>9;</span> <span class='ocrx_word' id='word_1_271' title='bbox 1243 4220 1276 4260; x_wconf 93' lang='grc' dir='ltr'>π.</span> <span class='ocrx_word' id='word_1_272' title='bbox 1301 4197 1401 4277; x_wconf 76' lang='grc' dir='ltr'><em>ὀλίγον</em></span> 
     </span>
     <span class='ocr_line' id='line_1_34' title="bbox 230 4306 1396 4393; baseline 0 -18"><span class='ocrx_word' id='word_1_273' title='bbox 230 4311 322 4385; x_wconf 81' lang='grc' dir='ltr'><em>αὐτὸς</em></span> <span class='ocrx_word' id='word_1_274' title='bbox 353 4311 541 4390; x_wconf 80' lang='grc' dir='ltr'><em>Ἀννίβας.-.</em></span> <span class='ocrx_word' id='word_1_275' title='bbox 558 4359 586 4373; x_wconf 94' lang='grc'>..</span> <span class='ocrx_word' id='word_1_276' title='bbox 612 4306 758 4381; x_wconf 78' lang='grc' dir='ltr'><em>ἐνέπεσεν,</em></span> <span class='ocrx_word' id='word_1_277' title='bbox 782 4306 820 4371; x_wconf 86' lang='lat' dir='ltr'>cf.</span> <span class='ocrx_word' id='word_1_278' title='bbox 846 4309 874 4388; x_wconf 93' lang='grc'><strong>1,</strong></span> <span class='ocrx_word' id='word_1_279' title='bbox 898 4307 951 4388; x_wconf 90' lang='grc'><strong>25,</strong></span> <span class='ocrx_word' id='word_1_280' title='bbox 976 4308 1012 4387; x_wconf 81' lang='lat'>33</span> <span class='ocrx_word' id='word_1_281' title='bbox 1039 4308 1069 4388; x_wconf 89' lang='grc'><strong>5,</strong></span> <span class='ocrx_word' id='word_1_282' title='bbox 1093 4309 1149 4390; x_wconf 84' lang='grc'><strong>40,</strong></span> <span class='ocrx_word' id='word_1_283' title='bbox 1166 4311 1202 4388; x_wconf 86' lang='grc'>2;</span> <span class='ocrx_word' id='word_1_284' title='bbox 1230 4311 1260 4391; x_wconf 91' lang='grc'>9,</span> <span class='ocrx_word' id='word_1_285' title='bbox 1287 4312 1316 4393; x_wconf 80' lang='grc'><strong>7,</strong></span> <span class='ocrx_word' id='word_1_286' title='bbox 1340 4315 1396 4392; x_wconf 85' lang='grc' dir='ltr'>1ος</span> 
     </span>
     <span class='ocr_line' id='line_1_35' title="bbox 234 4421 1400 4510; baseline 0.001 -22"><span class='ocrx_word' id='word_1_287' title='bbox 234 4427 284 4509; x_wconf 87' lang='lat'>18,</span> <span class='ocrx_word' id='word_1_288' title='bbox 320 4429 374 4504; x_wconf 90' lang='grc'>29,</span> <span class='ocrx_word' id='word_1_289' title='bbox 412 4427 470 4506; x_wconf 83' lang='grc'>12;</span> <span class='ocrx_word' id='word_1_290' title='bbox 506 4447 540 4487; x_wconf 94' lang='grc' dir='ltr'>π.</span> <span class='ocrx_word' id='word_1_291' title='bbox 577 4421 684 4502; x_wconf 69' lang='grc' dir='ltr'><em>βραχὺ</em></span> <span class='ocrx_word' id='word_1_292' title='bbox 717 4422 768 4503; x_wconf 91' lang='grc'>16,</span> <span class='ocrx_word' id='word_1_293' title='bbox 802 4421 853 4503; x_wconf 86' lang='grc'><strong>12,</strong></span> <span class='ocrx_word' id='word_1_294' title='bbox 881 4421 941 4499; x_wconf 87' lang='grc'>11;</span> <span class='ocrx_word' id='word_1_295' title='bbox 967 4442 1001 4483; x_wconf 91' lang='grc' dir='ltr'>π.</span> <span class='ocrx_word' id='word_1_296' title='bbox 1027 4421 1127 4500; x_wconf 79' lang='grc' dir='ltr'>μικρὸν</span> <span class='ocrx_word' id='word_1_297' title='bbox 1153 4421 1204 4504; x_wconf 87' lang='grc'>15,</span> <span class='ocrx_word' id='word_1_298' title='bbox 1230 4424 1260 4506; x_wconf 92' lang='grc'><strong>6,</strong></span> <span class='ocrx_word' id='word_1_299' title='bbox 1284 4425 1320 4505; x_wconf 80' lang='lat'>83</span> <span class='ocrx_word' id='word_1_300' title='bbox 1349 4427 1400 4510; x_wconf 88' lang='grc'><strong>16,</strong></span> 
     </span>
    </p>

    <p class='ocr_par' dir='ltr' id='par_1_8' title="bbox 1267 4535 1301 4587">
     <span class='ocr_line' id='line_1_36' title="bbox 1267 4535 1301 4587; baseline 0.029 -1"><span class='ocrx_word' id='word_1_301' title='bbox 1267 4535 1301 4587; x_wconf 85' lang='grc'>10</span> 
     </span>
    </p>
   </div>
   <div class='ocr_carea' id='block_1_5' title="bbox 0 0 1694 5212">
    <p class='ocr_par' dir='ltr' id='par_1_9' title="bbox 0 0 1694 5212">
     <span class='ocr_line' id='line_1_37' title="bbox 0 0 1694 5212; baseline 0 1"><span class='ocrx_word' id='word_1_302' title='bbox 0 0 1694 5212; x_wconf 95' lang='lat' dir='ltr'> </span> 
     </span>
    </p>
   </div>
  </div>
 </body>
</html>
