<?xml version="1.0" encoding="UTF-8"?>
<!DOCTYPE html PUBLIC "-//W3C//DTD XHTML 1.0 Transitional//EN"
    "http://www.w3.org/TR/xhtml1/DTD/xhtml1-transitional.dtd">
<html xmlns="http://www.w3.org/1999/xhtml" xml:lang="en" lang="en">
 <head>
  <title>
</title>
<meta http-equiv="Content-Type" content="text/html;charset=utf-8" />
  <meta name='ocr-system' content='tesseract 3.04.00' />
  <meta name='ocr-capabilities' content='ocr_page ocr_carea ocr_par ocr_line ocrx_word'/>
</head>
<body>
  <div class='ocr_page' id='page_1' title='image "./depraepositioni00nawigoog_0057.png"; bbox 0 0 3400 5212; ppageno 0'>
   <div class='ocr_carea' id='block_1_1' title="bbox 840 465 884 528">
    <p class='ocr_par' dir='ltr' id='par_1_1' title="bbox 840 465 884 528">
     <span class='ocr_line' id='line_1_1' title="bbox 840 465 884 528; baseline -0.091 1"><span class='ocrx_word' id='word_1_1' title='bbox 840 465 884 528; x_wconf 87' lang='lat'>48</span> 
     </span>
    </p>
   </div>
   <div class='ocr_carea' id='block_1_2' title="bbox 282 645 1448 872">
    <p class='ocr_par' dir='ltr' id='par_1_2' title="bbox 282 645 1448 872">
     <span class='ocr_line' id='line_1_2' title="bbox 288 645 1448 768; baseline -0.037 -17"><span class='ocrx_word' id='word_1_2' title='bbox 288 679 453 768; x_wconf 69' lang='lat' dir='ltr'>aapsscioav</span> <span class='ocrx_word' id='word_1_3' title='bbox 488 705 528 718; x_wconf 92' lang='lat'><em>-</em></span> <span class='ocrx_word' id='word_1_4' title='bbox 561 659 647 748; x_wconf 90' lang='lat' dir='ltr'>quod</span> <span class='ocrx_word' id='word_1_5' title='bbox 677 651 835 737; x_wconf 81' lang='lat' dir='ltr'>significat</span> <span class='ocrx_word' id='word_1_6' title='bbox 860 648 989 732; x_wconf 85' lang='lat' dir='ltr'>saepius</span> <span class='ocrx_word' id='word_1_7' title='bbox 1013 649 1098 732; x_wconf 89' lang='lat' dir='ltr'>apud</span> <span class='ocrx_word' id='word_1_8' title='bbox 1124 647 1272 714; x_wconf 79' lang='lat' dir='ltr'>Gessium</span> <span class='ocrx_word' id='word_1_9' title='bbox 1300 648 1373 729; x_wconf 88' lang='lat' dir='ltr'>„ius</span> <span class='ocrx_word' id='word_1_10' title='bbox 1396 645 1448 710; x_wconf 87' lang='lat' dir='ltr'>vel</span> 
     </span>
     <span class='ocr_line' id='line_1_3' title="bbox 282 755 1446 872; baseline -0.055 -3"><span class='ocrx_word' id='word_1_11' title='bbox 282 797 459 872; x_wconf 77' lang='lat' dir='ltr'><strong>facultatem</strong></span> <span class='ocrx_word' id='word_1_12' title='bbox 481 777 647 863; x_wconf 80' lang='lat' dir='ltr'>acquirere</span> <span class='ocrx_word' id='word_1_13' title='bbox 670 767 715 832; x_wconf 89' lang='lat' dir='ltr'>rei</span> <span class='ocrx_word' id='word_1_14' title='bbox 738 759 924 829; x_wconf 87' lang='lat' dir='ltr'>iaciendae&#39;’</span> <span class='ocrx_word' id='word_1_15' title='bbox 948 760 999 842; x_wconf 82' lang='lat' dir='ltr'>(of.</span> <span class='ocrx_word' id='word_1_16' title='bbox 1023 780 1048 825; x_wconf 86' lang='lat' dir='ltr'>o.</span> <span class='ocrx_word' id='word_1_17' title='bbox 1072 781 1101 844; x_wconf 84' lang='lat' dir='ltr'>g.</span> <span class='ocrx_word' id='word_1_18' title='bbox 1126 762 1180 839; x_wconf 77' lang='lat'>42,</span> <span class='ocrx_word' id='word_1_19' title='bbox 1208 755 1446 840; x_wconf 63' lang='lat' dir='ltr'>20,3;31mz.</span> 
     </span>
    </p>
   </div>
   <div class='ocr_carea' id='block_1_3' title="bbox 282 870 1446 993">
    <p class='ocr_par' dir='ltr' id='par_1_3' title="bbox 282 870 1446 993">
     <span class='ocr_line' id='line_1_4' title="bbox 282 870 1446 993; baseline -0.03 -25"><span class='ocrx_word' id='word_1_20' title='bbox 282 937 338 993; x_wconf 52' lang='grc' dir='ltr'>τωρ</span> <span class='ocrx_word' id='word_1_21' title='bbox 365 909 394 977; x_wconf 78' lang='grc' dir='ltr'>ἐς</span> <span class='ocrx_word' id='word_1_22' title='bbox 415 892 544 964; x_wconf 82' lang='grc' dir='ltr'>ἐννοουτὸν</span> <span class='ocrx_word' id='word_1_23' title='bbox 567 883 633 951; x_wconf 74' lang='grc' dir='ltr'>ὅλον</span> <span class='ocrx_word' id='word_1_24' title='bbox 657 877 802 958; x_wconf 67' lang='grc' dir='ltr'>λεχθῆναι</span> <span class='ocrx_word' id='word_1_25' title='bbox 828 873 959 952; x_wconf 62' lang='lat' dir='ltr'>diatim</span> <span class='ocrx_word' id='word_1_26' title='bbox 984 876 1036 953; x_wconf 80' lang='lat'>42,</span> <span class='ocrx_word' id='word_1_27' title='bbox 1062 876 1114 952; x_wconf 77' lang='lat'>29,</span> <span class='ocrx_word' id='word_1_28' title='bbox 1140 876 1178 938; x_wconf 81' lang='lat'>3:</span> <span class='ocrx_word' id='word_1_29' title='bbox 1205 875 1259 948; x_wconf 69' lang='lat' dir='ltr'>ato</span> <span class='ocrx_word' id='word_1_30' title='bbox 1283 873 1373 937; x_wconf 77' lang='grc' dir='ltr'><em>πόλιν</em></span> <span class='ocrx_word' id='word_1_31' title='bbox 1396 870 1446 934; x_wconf 72' lang='grc' dir='ltr'>διὰ</span> 
     </span>
    </p>
   </div>
   <div class='ocr_carea' id='block_1_4' title="bbox 283 985 1445 1110">
    <p class='ocr_par' dir='ltr' id='par_1_4' title="bbox 283 985 1445 1110">
     <span class='ocr_line' id='line_1_5' title="bbox 283 985 1445 1110; baseline -0.044 -18"><span class='ocrx_word' id='word_1_32' title='bbox 283 1021 425 1110; x_wconf 74' lang='grc' dir='ltr'><em>φυλυκῆς</em></span> <span class='ocrx_word' id='word_1_33' title='bbox 459 1001 541 1085; x_wconf 53' lang='grc' dir='ltr'>μετὰ</span> <span class='ocrx_word' id='word_1_34' title='bbox 575 999 632 1062; x_wconf 62' lang='grc' dir='ltr'>Τῶν</span> <span class='ocrx_word' id='word_1_35' title='bbox 668 988 771 1056; x_wconf 64' lang='grc' dir='ltr'>ἄλλων</span> <span class='ocrx_word' id='word_1_36' title='bbox 805 985 972 1068; x_wconf 64' lang='grc' dir='ltr'>δημάρχων</span> <span class='ocrx_word' id='word_1_37' title='bbox 997 989 1143 1052; x_wconf 62' lang='lat' dir='ltr'>corruatur</span> <span class='ocrx_word' id='word_1_38' title='bbox 1167 986 1290 1067; x_wconf 81' lang='grc' dir='ltr'>ἕλοοβευ)</span> <span class='ocrx_word' id='word_1_39' title='bbox 1315 1025 1356 1034; x_wconf 97' lang='grc'>-</span> <span class='ocrx_word' id='word_1_40' title='bbox 1380 1005 1445 1050; x_wconf 87' lang='lat' dir='ltr'>non</span> 
     </span>
    </p>
   </div>
   <div class='ocr_carea' id='block_1_5' title="bbox 278 1099 1445 1208">
    <p class='ocr_par' dir='ltr' id='par_1_5' title="bbox 278 1099 1445 1208">
     <span class='ocr_line' id='line_1_6' title="bbox 278 1099 1445 1208; baseline -0.039 -1"><span class='ocrx_word' id='word_1_41' title='bbox 278 1138 380 1208; x_wconf 88' lang='lat' dir='ltr'>solum</span> <span class='ocrx_word' id='word_1_42' title='bbox 413 1134 529 1188; x_wconf 89' lang='lat' dir='ltr'>nomen</span> <span class='ocrx_word' id='word_1_43' title='bbox 563 1106 679 1174; x_wconf 89' lang='lat' dir='ltr'>obiecti</span> <span class='ocrx_word' id='word_1_44' title='bbox 713 1103 783 1167; x_wconf 89' lang='lat' dir='ltr'>loco</span> <span class='ocrx_word' id='word_1_45' title='bbox 817 1102 980 1179; x_wconf 83' lang='lat' dir='ltr'>adsciscit,</span> <span class='ocrx_word' id='word_1_46' title='bbox 1011 1102 1068 1166; x_wconf 87' lang='lat' dir='ltr'>sed</span> <span class='ocrx_word' id='word_1_47' title='bbox 1092 1102 1188 1166; x_wconf 91' lang='lat' dir='ltr'>etiam</span> <span class='ocrx_word' id='word_1_48' title='bbox 1212 1101 1288 1165; x_wconf 87' lang='lat' dir='ltr'>addi</span> <span class='ocrx_word' id='word_1_49' title='bbox 1312 1099 1445 1165; x_wconf 92' lang='lat' dir='ltr'>infiniti-</span> 
     </span>
    </p>
   </div>
   <div class='ocr_carea' id='block_1_6' title="bbox 267 1224 1446 4488">
    <p class='ocr_par' dir='ltr' id='par_1_6' title="bbox 278 1224 668 1316">
     <span class='ocr_line' id='line_1_7' title="bbox 278 1224 668 1316; baseline -0.062 -11"><span class='ocrx_word' id='word_1_50' title='bbox 278 1267 354 1316; x_wconf 79' lang='lat' dir='ltr'>vum</span> <span class='ocrx_word' id='word_1_51' title='bbox 374 1247 502 1304; x_wconf 84' lang='lat' dir='ltr'>neeesse</span> <span class='ocrx_word' id='word_1_52' title='bbox 525 1224 668 1287; x_wconf 88' lang='lat' dir='ltr'>videtur:</span> 
     </span>
    </p>

    <p class='ocr_par' dir='ltr' id='par_1_7' title="bbox 273 1323 1446 2099">
     <span class='ocr_line' id='line_1_8' title="bbox 322 1323 1445 1431; baseline -0.027 -11"><span class='ocrx_word' id='word_1_53' title='bbox 322 1357 373 1431; x_wconf 77' lang='lat'>55,</span> <span class='ocrx_word' id='word_1_54' title='bbox 397 1351 427 1426; x_wconf 85' lang='lat'>3,</span> <span class='ocrx_word' id='word_1_55' title='bbox 453 1344 487 1404; x_wconf 85' lang='lat'>6:</span> <span class='ocrx_word' id='word_1_56' title='bbox 510 1337 535 1400; x_wconf 82' lang='grc' dir='ltr'>οἱ</span> <span class='ocrx_word' id='word_1_57' title='bbox 555 1327 732 1412; x_wconf 75' lang='grc' dir='ltr'><em>σσοοοτυγοί,</em></span> <span class='ocrx_word' id='word_1_58' title='bbox 744 1326 1017 1406; x_wconf 66' lang='grc' dir='ltr'>ἀγανακτήσαντες</span> <span class='ocrx_word' id='word_1_59' title='bbox 1029 1323 1074 1391; x_wconf 71' lang='grc' dir='ltr'>ἔτι</span> <span class='ocrx_word' id='word_1_60' title='bbox 1088 1325 1241 1405; x_wconf 68' lang='grc' dir='ltr'>μηδεμίαν</span> <span class='ocrx_word' id='word_1_61' title='bbox 1252 1325 1445 1404; x_wconf 55' lang='grc' dir='ltr'>Μώμου...</span> 
     </span>
     <span class='ocr_line' id='line_1_9' title="bbox 280 1440 1445 1545; baseline -0.014 -27"><span class='ocrx_word' id='word_1_62' title='bbox 280 1477 309 1545; x_wconf 63' lang='grc' dir='ltr'>ἐς</span> <span class='ocrx_word' id='word_1_63' title='bbox 343 1464 396 1534; x_wconf 57' lang='grc' dir='ltr'>τὴν</span> <span class='ocrx_word' id='word_1_64' title='bbox 419 1449 532 1535; x_wconf 69' lang='grc' dir='ltr'>βουλὴν</span> <span class='ocrx_word' id='word_1_65' title='bbox 554 1445 702 1526; x_wconf 79' lang='grc' dir='ltr'>ἐσέφερον,</span> <span class='ocrx_word' id='word_1_66' title='bbox 727 1441 812 1522; x_wconf 70' lang='grc' dir='ltr'><em>πυροὶ</em></span> <span class='ocrx_word' id='word_1_67' title='bbox 835 1446 887 1506; x_wconf 80' lang='grc' dir='ltr'>τοῦ</span> <span class='ocrx_word' id='word_1_68' title='bbox 910 1441 1088 1519; x_wconf 74' lang='grc' dir='ltr'><strong><em>Αὐγούστου</em></strong></span> <span class='ocrx_word' id='word_1_69' title='bbox 1113 1440 1225 1520; x_wconf 79' lang='grc' dir='ltr'>ἔλοιβον</span> <span class='ocrx_word' id='word_1_70' title='bbox 1247 1442 1321 1506; x_wconf 77' lang='grc' dir='ltr'>οὐτὸ</span> <span class='ocrx_word' id='word_1_71' title='bbox 1341 1446 1445 1512; x_wconf 83' lang='grc' dir='ltr'>ποιεῖν,</span> 
     </span>
     <span class='ocr_line' id='line_1_10' title="bbox 276 1554 1446 1651; baseline -0.018 -11"><span class='ocrx_word' id='word_1_72' title='bbox 276 1587 326 1651; x_wconf 80' lang='lat' dir='ltr'>hic</span> <span class='ocrx_word' id='word_1_73' title='bbox 360 1574 443 1641; x_wconf 93' lang='lat' dir='ltr'>enim</span> <span class='ocrx_word' id='word_1_74' title='bbox 478 1561 660 1628; x_wconf 86' lang='lat' dir='ltr'>infinitivus</span> <span class='ocrx_word' id='word_1_75' title='bbox 696 1561 789 1619; x_wconf 81' lang='grc' dir='ltr'><em>ποιεῖν</em></span> <span class='ocrx_word' id='word_1_76' title='bbox 825 1558 958 1621; x_wconf 91' lang='lat' dir='ltr'>omnino</span> <span class='ocrx_word' id='word_1_77' title='bbox 989 1576 1054 1619; x_wconf 91' lang='lat' dir='ltr'>non</span> <span class='ocrx_word' id='word_1_78' title='bbox 1086 1557 1292 1641; x_wconf 84' lang='lat' dir='ltr'>epexegetioe</span> <span class='ocrx_word' id='word_1_79' title='bbox 1316 1554 1446 1619; x_wconf 85' lang='lat' dir='ltr'>additus</span> 
     </span>
     <span class='ocr_line' id='line_1_11' title="bbox 274 1669 1446 1771; baseline -0.015 -20"><span class='ocrx_word' id='word_1_80' title='bbox 274 1699 331 1771; x_wconf 63' lang='lat' dir='ltr'>est,</span> <span class='ocrx_word' id='word_1_81' title='bbox 362 1683 418 1751; x_wconf 90' lang='lat' dir='ltr'>sed</span> <span class='ocrx_word' id='word_1_82' title='bbox 448 1697 483 1743; x_wconf 90' lang='lat' dir='ltr'>re</span> <span class='ocrx_word' id='word_1_83' title='bbox 514 1693 590 1740; x_wconf 87' lang='lat' dir='ltr'>vera</span> <span class='ocrx_word' id='word_1_84' title='bbox 621 1671 784 1755; x_wconf 79' lang='lat' dir='ltr'>expressis</span> <span class='ocrx_word' id='word_1_85' title='bbox 808 1669 916 1735; x_wconf 87' lang='lat' dir='ltr'>verbis</span> <span class='ocrx_word' id='word_1_86' title='bbox 939 1670 1062 1734; x_wconf 85' lang='lat' dir='ltr'>indicat</span> <span class='ocrx_word' id='word_1_87' title='bbox 1085 1672 1149 1748; x_wconf 89' lang='lat' dir='ltr'>ius,</span> <span class='ocrx_word' id='word_1_88' title='bbox 1174 1669 1261 1754; x_wconf 91' lang='lat' dir='ltr'>quod</span> <span class='ocrx_word' id='word_1_89' title='bbox 1284 1672 1446 1752; x_wconf 88' lang='lat' dir='ltr'>praetores</span> 
     </span>
     <span class='ocr_line' id='line_1_12' title="bbox 273 1782 1445 1878; baseline -0.009 -22"><span class='ocrx_word' id='word_1_90' title='bbox 273 1808 312 1874; x_wconf 63' lang='lat' dir='ltr'>ab</span> <span class='ocrx_word' id='word_1_91' title='bbox 346 1795 496 1878; x_wconf 79' lang='lat' dir='ltr'>Augusto</span> <span class='ocrx_word' id='word_1_92' title='bbox 531 1788 802 1870; x_wconf 80' lang='lat' dir='ltr'>impetraverunt3</span> <span class='ocrx_word' id='word_1_93' title='bbox 834 1783 909 1847; x_wconf 78' lang='grc' dir='ltr'>οὐτὸ</span> <span class='ocrx_word' id='word_1_94' title='bbox 933 1789 1028 1846; x_wconf 81' lang='grc' dir='ltr'><em>ποιεῖν</em></span> <span class='ocrx_word' id='word_1_95' title='bbox 1050 1785 1181 1868; x_wconf 88' lang='lat' dir='ltr'>respicit</span> <span class='ocrx_word' id='word_1_96' title='bbox 1203 1782 1445 1867; x_wconf 85' lang='lat' dir='ltr'>praecedentia:</span> 
     </span>
     <span class='ocr_line' id='line_1_13' title="bbox 273 1895 1446 1997; baseline -0.003 -33"><span class='ocrx_word' id='word_1_97' title='bbox 273 1914 390 1997; x_wconf 54' lang='grc' dir='ltr'><em>γνώμην</em></span> <span class='ocrx_word' id='word_1_98' title='bbox 421 1905 451 1975; x_wconf 82' lang='grc' dir='ltr'>ἐς</span> <span class='ocrx_word' id='word_1_99' title='bbox 475 1898 529 1971; x_wconf 67' lang='grc' dir='ltr'>σὺν</span> <span class='ocrx_word' id='word_1_100' title='bbox 553 1897 665 1976; x_wconf 70' lang='grc' dir='ltr'>βουλὴν</span> <span class='ocrx_word' id='word_1_101' title='bbox 689 1895 834 1978; x_wconf 78' lang='grc' dir='ltr'><em>ἐσφέρειν,</em></span> <span class='ocrx_word' id='word_1_102' title='bbox 859 1915 897 1961; x_wconf 89' lang='lat' dir='ltr'>ea</span> <span class='ocrx_word' id='word_1_103' title='bbox 919 1899 1029 1982; x_wconf 82' lang='lat' dir='ltr'>itaque</span> <span class='ocrx_word' id='word_1_104' title='bbox 1063 1898 1190 1961; x_wconf 85' lang='lat' dir='ltr'>actio</span> <span class='ocrx_word' id='word_1_105' title='bbox 1221 1896 1383 1961; x_wconf 86' lang='lat' dir='ltr'>referendi</span> <span class='ocrx_word' id='word_1_106' title='bbox 1405 1898 1446 1961; x_wconf 90' lang='lat' dir='ltr'>ad</span> 
     </span>
     <span class='ocr_line' id='line_1_14' title="bbox 273 2010 1382 2099; baseline -0.014 -9"><span class='ocrx_word' id='word_1_107' title='bbox 273 2027 429 2096; x_wconf 75' lang='lat' dir='ltr'>cencium,</span> <span class='ocrx_word' id='word_1_108' title='bbox 455 2034 520 2099; x_wconf 88' lang='lat' dir='ltr'>qua</span> <span class='ocrx_word' id='word_1_109' title='bbox 542 2018 637 2077; x_wconf 84' lang='lat' dir='ltr'>antea</span> <span class='ocrx_word' id='word_1_110' title='bbox 660 2010 821 2090; x_wconf 77' lang='lat' dir='ltr'>carebant,</span> <span class='ocrx_word' id='word_1_111' title='bbox 845 2011 885 2075; x_wconf 84' lang='lat' dir='ltr'>ab</span> <span class='ocrx_word' id='word_1_112' title='bbox 910 2013 1062 2096; x_wconf 81' lang='lat' dir='ltr'>Augusto</span> <span class='ocrx_word' id='word_1_113' title='bbox 1084 2013 1126 2076; x_wconf 89' lang='lat' dir='ltr'>iis</span> <span class='ocrx_word' id='word_1_114' title='bbox 1150 2028 1303 2076; x_wconf 89' lang='lat' dir='ltr'>concessa</span> <span class='ocrx_word' id='word_1_115' title='bbox 1326 2015 1382 2075; x_wconf 87' lang='lat' dir='ltr'>ost.</span> 
     </span>
    </p>

    <p class='ocr_par' dir='ltr' id='par_1_8' title="bbox 314 2123 1066 2211">
     <span class='ocr_line' id='line_1_15' title="bbox 314 2123 1066 2211; baseline -0.011 -15"><span class='ocrx_word' id='word_1_116' title='bbox 314 2136 419 2200; x_wconf 80' lang='lat' dir='ltr'>Etiam</span> <span class='ocrx_word' id='word_1_117' title='bbox 445 2128 546 2211; x_wconf 84' lang='lat' dir='ltr'>magis</span> <span class='ocrx_word' id='word_1_118' title='bbox 569 2127 738 2209; x_wconf 86' lang='lat' dir='ltr'>perspicue</span> <span class='ocrx_word' id='word_1_119' title='bbox 762 2144 814 2190; x_wconf 92' lang='lat' dir='ltr'>res</span> <span class='ocrx_word' id='word_1_120' title='bbox 838 2144 873 2190; x_wconf 88' lang='lat' dir='ltr'>se</span> <span class='ocrx_word' id='word_1_121' title='bbox 897 2123 992 2190; x_wconf 85' lang='lat' dir='ltr'>habet</span> <span class='ocrx_word' id='word_1_122' title='bbox 1015 2127 1066 2189; x_wconf 93' lang='lat' dir='ltr'>in:</span> 
     </span>
    </p>

    <p class='ocr_par' dir='ltr' id='par_1_9' title="bbox 272 2235 1445 2440">
     <span class='ocr_line' id='line_1_16' title="bbox 317 2235 1445 2324; baseline -0.005 -16"><span class='ocrx_word' id='word_1_123' title='bbox 317 2247 367 2324; x_wconf 77' lang='lat'>72,</span> <span class='ocrx_word' id='word_1_124' title='bbox 401 2243 452 2319; x_wconf 77' lang='lat'>12,</span> <span class='ocrx_word' id='word_1_125' title='bbox 478 2241 517 2302; x_wconf 80' lang='lat'>2:</span> <span class='ocrx_word' id='word_1_126' title='bbox 553 2238 578 2302; x_wconf 83' lang='grc' dir='ltr'>οἱ</span> <span class='ocrx_word' id='word_1_127' title='bbox 601 2237 785 2316; x_wconf 71' lang='grc' dir='ltr'><em>Νικομηδεῖς</em></span> <span class='ocrx_word' id='word_1_128' title='bbox 808 2237 860 2301; x_wconf 72' lang='lat' dir='ltr'>aori</span> <span class='ocrx_word' id='word_1_129' title='bbox 883 2239 987 2316; x_wconf 73' lang='lat' dir='ltr'>oiyoivc</span> <span class='ocrx_word' id='word_1_130' title='bbox 1011 2235 1097 2316; x_wconf 72' lang='grc' dir='ltr'><em>ἄγειν</em></span> <span class='ocrx_word' id='word_1_131' title='bbox 1121 2237 1173 2302; x_wconf 77' lang='lat' dir='ltr'>uoti</span> <span class='ocrx_word' id='word_1_132' title='bbox 1197 2239 1263 2302; x_wconf 78' lang='grc' dir='ltr'><em>νεὼν</em></span> <span class='ocrx_word' id='word_1_133' title='bbox 1287 2242 1339 2302; x_wconf 79' lang='grc' dir='ltr'>τοῦ</span> <span class='ocrx_word' id='word_1_134' title='bbox 1364 2246 1445 2316; x_wconf 81' lang='grc' dir='ltr'><em>Κομ-</em></span> 
     </span>
     <span class='ocr_line' id='line_1_17' title="bbox 272 2349 1040 2440; baseline -0.012 -16"><span class='ocrx_word' id='word_1_135' title='bbox 272 2360 363 2440; x_wconf 78' lang='grc' dir='ltr'><em>μόδου</em></span> <span class='ocrx_word' id='word_1_136' title='bbox 389 2351 570 2427; x_wconf 77' lang='grc' dir='ltr'>σοιήσοοσθοοι</span> <span class='ocrx_word' id='word_1_137' title='bbox 596 2352 680 2432; x_wconf 75' lang='grc' dir='ltr'><em>πυροὶ</em></span> <span class='ocrx_word' id='word_1_138' title='bbox 702 2356 758 2425; x_wconf 77' lang='grc' dir='ltr'>τῆς</span> <span class='ocrx_word' id='word_1_139' title='bbox 782 2351 895 2430; x_wconf 74' lang='grc' dir='ltr'><em>βουλῆς</em></span> <span class='ocrx_word' id='word_1_140' title='bbox 918 2349 1040 2430; x_wconf 72' lang='grc' dir='ltr'>ἔλαβον.</span> 
     </span>
    </p>

    <p class='ocr_par' dir='ltr' id='par_1_10' title="bbox 268 2465 1445 2894">
     <span class='ocr_line' id='line_1_18' title="bbox 312 2465 1445 2550; baseline -0.004 -16"><span class='ocrx_word' id='word_1_141' title='bbox 312 2469 376 2534; x_wconf 86' lang='grc' dir='ltr'>Ηίο</span> <span class='ocrx_word' id='word_1_142' title='bbox 400 2467 486 2531; x_wconf 92' lang='lat' dir='ltr'>enim</span> <span class='ocrx_word' id='word_1_143' title='bbox 510 2466 597 2550; x_wconf 93' lang='lat' dir='ltr'>quod</span> <span class='ocrx_word' id='word_1_144' title='bbox 621 2486 639 2529; x_wconf 85' lang='lat' dir='ltr'>u</span> <span class='ocrx_word' id='word_1_145' title='bbox 663 2471 777 2531; x_wconf 84' lang='lat' dir='ltr'>senatu</span> <span class='ocrx_word' id='word_1_146' title='bbox 802 2465 1105 2532; x_wconf 86' lang='lat' dir='ltr'>Nicomediensibus</span> <span class='ocrx_word' id='word_1_147' title='bbox 1128 2467 1316 2531; x_wconf 86' lang='lat' dir='ltr'>conceditur</span> <span class='ocrx_word' id='word_1_148' title='bbox 1339 2467 1445 2550; x_wconf 86' lang='lat' dir='ltr'>expri-</span> 
     </span>
     <span class='ocr_line' id='line_1_19' title="bbox 269 2579 1445 2665; baseline -0.004 -15"><span class='ocrx_word' id='word_1_149' title='bbox 269 2587 368 2650; x_wconf 86' lang='lat' dir='ltr'>mitur</span> <span class='ocrx_word' id='word_1_150' title='bbox 402 2579 511 2644; x_wconf 88' lang='lat' dir='ltr'>verbis</span> <span class='ocrx_word' id='word_1_151' title='bbox 543 2579 647 2657; x_wconf 72' lang='grc' dir='ltr'><em>ιὶνῶνιι</em></span> <span class='ocrx_word' id='word_1_152' title='bbox 678 2582 764 2658; x_wconf 71' lang='lat' dir='ltr'>dycta</span> <span class='ocrx_word' id='word_1_153' title='bbox 795 2586 892 2665; x_wconf 86' lang='lat' dir='ltr'>atque</span> <span class='ocrx_word' id='word_1_154' title='bbox 916 2580 982 2644; x_wconf 78' lang='grc' dir='ltr'><em>νεὼν</em></span> <span class='ocrx_word' id='word_1_155' title='bbox 1006 2584 1058 2644; x_wconf 82' lang='grc' dir='ltr'>σοῦ</span> <span class='ocrx_word' id='word_1_156' title='bbox 1083 2589 1117 2644; x_wconf 84' lang='grc' dir='ltr'>Κ.</span> <span class='ocrx_word' id='word_1_157' title='bbox 1144 2579 1335 2653; x_wconf 75' lang='grc' dir='ltr'>σοιήσοοσθιοι.</span> <span class='ocrx_word' id='word_1_158' title='bbox 1360 2580 1445 2662; x_wconf 86' lang='lat' dir='ltr'>(Non</span> 
     </span>
     <span class='ocr_line' id='line_1_20' title="bbox 268 2693 1444 2779; baseline -0.001 -19"><span class='ocrx_word' id='word_1_159' title='bbox 268 2697 372 2774; x_wconf 74' lang='grc' dir='ltr'>οἱνῶνον</span> <span class='ocrx_word' id='word_1_160' title='bbox 409 2711 516 2778; x_wconf 90' lang='lat' dir='ltr'>neque</span> <span class='ocrx_word' id='word_1_161' title='bbox 551 2693 618 2757; x_wconf 80' lang='grc' dir='ltr'><em>νεὼν</em></span> <span class='ocrx_word' id='word_1_162' title='bbox 652 2699 856 2779; x_wconf 86' lang='lat' dir='ltr'>acceperunt,</span> <span class='ocrx_word' id='word_1_163' title='bbox 891 2694 948 2759; x_wconf 88' lang='lat' dir='ltr'>sed</span> <span class='ocrx_word' id='word_1_164' title='bbox 982 2697 1036 2760; x_wconf 90' lang='lat' dir='ltr'>ius</span> <span class='ocrx_word' id='word_1_165' title='bbox 1070 2695 1222 2760; x_wconf 91' lang='lat' dir='ltr'>ludorum</span> <span class='ocrx_word' id='word_1_166' title='bbox 1245 2696 1444 2779; x_wconf 84' lang='lat' dir='ltr'>agendorum</span> 
     </span>
     <span class='ocr_line' id='line_1_21' title="bbox 268 2807 1092 2894; baseline -0.002 -20"><span class='ocrx_word' id='word_1_167' title='bbox 268 2808 445 2892; x_wconf 86' lang='lat' dir='ltr'>templique</span> <span class='ocrx_word' id='word_1_168' title='bbox 470 2807 660 2873; x_wconf 88' lang='lat' dir='ltr'>aedificandi</span> <span class='ocrx_word' id='word_1_169' title='bbox 684 2807 859 2874; x_wconf 79' lang='lat' dir='ltr'>Commodo</span> <span class='ocrx_word' id='word_1_170' title='bbox 883 2810 1092 2894; x_wconf 88' lang='lat' dir='ltr'>imperatori).</span> 
     </span>
    </p>

    <p class='ocr_par' dir='ltr' id='par_1_11' title="bbox 314 2920 1351 3007">
     <span class='ocr_line' id='line_1_22' title="bbox 314 2920 1351 3007; baseline 0 -21"><span class='ocrx_word' id='word_1_171' title='bbox 314 2920 378 2999; x_wconf 79' lang='lat' dir='ltr'>Qui</span> <span class='ocrx_word' id='word_1_172' title='bbox 401 2941 482 2987; x_wconf 89' lang='lat' dir='ltr'>usus</span> <span class='ocrx_word' id='word_1_173' title='bbox 506 2922 716 2987; x_wconf 88' lang='lat' dir='ltr'>confirmatur</span> <span class='ocrx_word' id='word_1_174' title='bbox 739 2920 848 2987; x_wconf 84' lang='lat' dir='ltr'>verbis</span> <span class='ocrx_word' id='word_1_175' title='bbox 872 2940 955 3006; x_wconf 87' lang='lat' dir='ltr'>qnae</span> <span class='ocrx_word' id='word_1_176' title='bbox 977 2923 1133 3007; x_wconf 85' lang='lat' dir='ltr'>leguntur</span> <span class='ocrx_word' id='word_1_177' title='bbox 1156 2924 1208 3001; x_wconf 84' lang='grc'>51,</span> <span class='ocrx_word' id='word_1_178' title='bbox 1233 2922 1285 3001; x_wconf 78' lang='lat'>23,</span> <span class='ocrx_word' id='word_1_179' title='bbox 1313 2923 1351 2986; x_wconf 88' lang='lat'>1:</span> 
     </span>
    </p>

    <p class='ocr_par' dir='ltr' id='par_1_12' title="bbox 267 3034 1446 3574">
     <span class='ocr_line' id='line_1_23' title="bbox 313 3034 1446 3121; baseline 0.003 -22"><span class='ocrx_word' id='word_1_180' title='bbox 313 3034 458 3100; x_wconf 76' lang='lat' dir='ltr'>Statilius</span> <span class='ocrx_word' id='word_1_181' title='bbox 482 3035 607 3100; x_wconf 81' lang='lat' dir='ltr'>Taurus</span> <span class='ocrx_word' id='word_1_182' title='bbox 630 3037 911 3121; x_wconf 86' lang='lat' dir='ltr'>Amphitheatrum</span> <span class='ocrx_word' id='word_1_183' title='bbox 936 3038 970 3101; x_wconf 94' lang='lat' dir='ltr'>in</span> <span class='ocrx_word' id='word_1_184' title='bbox 995 3035 1115 3120; x_wconf 80' lang='lat' dir='ltr'>Campo</span> <span class='ocrx_word' id='word_1_185' title='bbox 1137 3034 1251 3100; x_wconf 85' lang='lat' dir='ltr'>Martio</span> <span class='ocrx_word' id='word_1_186' title='bbox 1263 3036 1446 3102; x_wconf 86' lang='lat' dir='ltr'>aedificavit</span> 
     </span>
     <span class='ocr_line' id='line_1_24' title="bbox 267 3150 1446 3236; baseline 0.003 -23"><span class='ocrx_word' id='word_1_187' title='bbox 267 3150 302 3213; x_wconf 95' lang='lat' dir='ltr'>in</span> <span class='ocrx_word' id='word_1_188' title='bbox 338 3169 402 3234; x_wconf 92' lang='lat' dir='ltr'>quo</span> <span class='ocrx_word' id='word_1_189' title='bbox 433 3150 664 3234; x_wconf 88' lang='lat' dir='ltr'>amphitheatro</span> <span class='ocrx_word' id='word_1_190' title='bbox 689 3150 867 3216; x_wconf 91' lang='lat' dir='ltr'>dedicando</span> <span class='ocrx_word' id='word_1_191' title='bbox 891 3171 1010 3216; x_wconf 88' lang='lat' dir='ltr'>munus</span> <span class='ocrx_word' id='word_1_192' title='bbox 1034 3151 1260 3236; x_wconf 84' lang='lat' dir='ltr'>gladiatorium</span> <span class='ocrx_word' id='word_1_193' title='bbox 1285 3151 1446 3230; x_wconf 82' lang='lat' dir='ltr'>exhibuit,</span> 
     </span>
     <span class='ocr_line' id='line_1_25' title="bbox 270 3261 1445 3348; baseline 0.001 -21"><span class='ocrx_word' id='word_1_194' title='bbox 270 3268 465 3348; x_wconf 81' lang='lat' dir='ltr'>quapropter</span> <span class='ocrx_word' id='word_1_195' title='bbox 500 3264 670 3344; x_wconf 75' lang='grc' dir='ltr'>σνροοτιινὸν</span> <span class='ocrx_word' id='word_1_196' title='bbox 704 3261 756 3328; x_wconf 79' lang='grc' dir='ltr'>ἕνοο</span> <span class='ocrx_word' id='word_1_197' title='bbox 791 3263 876 3344; x_wconf 72' lang='lat' dir='ltr'>nopai</span> <span class='ocrx_word' id='word_1_198' title='bbox 907 3268 959 3329; x_wconf 79' lang='grc' dir='ltr'>τοῦ</span> <span class='ocrx_word' id='word_1_199' title='bbox 992 3263 1088 3343; x_wconf 78' lang='grc' dir='ltr'><em>δήμου</em></span> <span class='ocrx_word' id='word_1_200' title='bbox 1119 3265 1190 3329; x_wconf 76' lang='grc' dir='ltr'><em>κοτ’</em></span> <span class='ocrx_word' id='word_1_201' title='bbox 1215 3262 1280 3338; x_wconf 79' lang='grc' dir='ltr'><em>ἔτος</em></span> <span class='ocrx_word' id='word_1_202' title='bbox 1302 3266 1445 3346; x_wconf 73' lang='grc' dir='ltr'>οοὶρεῖσυοιι</span> 
     </span>
     <span class='ocr_line' id='line_1_26' title="bbox 271 3375 1445 3464; baseline 0.003 -23"><span class='ocrx_word' id='word_1_203' title='bbox 271 3375 433 3454; x_wconf 67' lang='grc' dir='ltr'>ἐλάμβανε</span> <span class='ocrx_word' id='word_1_204' title='bbox 456 3381 485 3460; x_wconf 89' lang='lat' dir='ltr'>(a</span> <span class='ocrx_word' id='word_1_205' title='bbox 509 3379 628 3462; x_wconf 91' lang='lat' dir='ltr'>populo</span> <span class='ocrx_word' id='word_1_206' title='bbox 650 3379 760 3463; x_wconf 84' lang='lat' dir='ltr'>itaque</span> <span class='ocrx_word' id='word_1_207' title='bbox 782 3384 972 3464; x_wconf 82' lang='lat' dir='ltr'>potestatem</span> <span class='ocrx_word' id='word_1_208' title='bbox 996 3380 1120 3463; x_wconf 86' lang='lat' dir='ltr'>accepit</span> <span class='ocrx_word' id='word_1_209' title='bbox 1143 3381 1319 3462; x_wconf 87' lang='lat' dir='ltr'>quotannis</span> <span class='ocrx_word' id='word_1_210' title='bbox 1343 3399 1445 3445; x_wconf 91' lang='lat' dir='ltr'>nnnm</span> 
     </span>
     <span class='ocr_line' id='line_1_27' title="bbox 268 3490 707 3574; baseline 0.002 -18"><span class='ocrx_word' id='word_1_211' title='bbox 268 3509 311 3556; x_wconf 88' lang='lat' dir='ltr'>ex</span> <span class='ocrx_word' id='word_1_212' title='bbox 332 3490 533 3574; x_wconf 87' lang='lat' dir='ltr'>praetoribus</span> <span class='ocrx_word' id='word_1_213' title='bbox 556 3493 707 3574; x_wconf 82' lang='lat' dir='ltr'>creandi).</span> 
     </span>
    </p>

    <p class='ocr_par' dir='ltr' id='par_1_13' title="bbox 268 3603 1446 3898">
     <span class='ocr_line' id='line_1_28' title="bbox 313 3603 1446 3690; baseline 0.003 -22"><span class='ocrx_word' id='word_1_214' title='bbox 313 3603 370 3668; x_wconf 85' lang='lat' dir='ltr'>Bis</span> <span class='ocrx_word' id='word_1_215' title='bbox 393 3607 534 3670; x_wconf 87' lang='lat' dir='ltr'>occurrit</span> <span class='ocrx_word' id='word_1_216' title='bbox 557 3607 733 3690; x_wconf 81' lang='lat' dir='ltr'>praemisso</span> <span class='ocrx_word' id='word_1_217' title='bbox 757 3608 893 3671; x_wconf 88' lang='lat' dir='ltr'>articulo</span> <span class='ocrx_word' id='word_1_218' title='bbox 916 3605 1099 3670; x_wconf 87' lang='lat' dir='ltr'>infinitivus</span> <span class='ocrx_word' id='word_1_219' title='bbox 1130 3625 1180 3671; x_wconf 87' lang='lat' dir='ltr'>su</span> <span class='ocrx_word' id='word_1_220' title='bbox 1194 3605 1333 3672; x_wconf 84' lang='lat' dir='ltr'>beten</span> <span class='ocrx_word' id='word_1_221' title='bbox 1346 3608 1446 3671; x_wconf 87' lang='lat' dir='ltr'>tive</span> 
     </span>
     <span class='ocr_line' id='line_1_29' title="bbox 268 3717 1445 3804; baseline 0.002 -21"><span class='ocrx_word' id='word_1_222' title='bbox 268 3724 461 3804; x_wconf 85' lang='lat' dir='ltr'>usurpatus,&#39;</span> <span class='ocrx_word' id='word_1_223' title='bbox 499 3721 672 3786; x_wconf 88' lang='lat' dir='ltr'>adiunctus</span> <span class='ocrx_word' id='word_1_224' title='bbox 714 3720 813 3785; x_wconf 81' lang='lat' dir='ltr'>verbo</span> <span class='ocrx_word' id='word_1_225' title='bbox 853 3717 1028 3797; x_wconf 73' lang='grc' dir='ltr'><em>λυμβιὶνειν</em></span> <span class='ocrx_word' id='word_1_226' title='bbox 1062 3717 1178 3784; x_wconf 91' lang='lat' dir='ltr'>obiecti</span> <span class='ocrx_word' id='word_1_227' title='bbox 1213 3718 1294 3797; x_wconf 87' lang='lat' dir='ltr'>loco,</span> <span class='ocrx_word' id='word_1_228' title='bbox 1330 3739 1445 3804; x_wconf 92' lang='lat' dir='ltr'>nempe</span> 
     </span>
     <span class='ocr_line' id='line_1_30' title="bbox 268 3833 439 3898; baseline 0 -2"><span class='ocrx_word' id='word_1_229' title='bbox 268 3833 320 3898; x_wconf 88' lang='lat' dir='ltr'>his</span> <span class='ocrx_word' id='word_1_230' title='bbox 343 3833 439 3898; x_wconf 90' lang='lat' dir='ltr'>locis:</span> 
     </span>
    </p>

    <p class='ocr_par' dir='ltr' id='par_1_14' title="bbox 272 3943 1446 4142">
     <span class='ocr_line' id='line_1_31' title="bbox 315 3943 1446 4026; baseline 0.002 -18"><span class='ocrx_word' id='word_1_231' title='bbox 315 3946 367 4024; x_wconf 81' lang='lat'>53,</span> <span class='ocrx_word' id='word_1_232' title='bbox 399 3947 452 4024; x_wconf 88' lang='grc'>30,</span> <span class='ocrx_word' id='word_1_233' title='bbox 484 3947 521 4009; x_wconf 85' lang='grc'>3;</span> <span class='ocrx_word' id='word_1_234' title='bbox 559 3945 644 4026; x_wconf 79' lang='grc' dir='ltr'><em>πυροὶ</em></span> <span class='ocrx_word' id='word_1_235' title='bbox 675 3971 710 4011; x_wconf 81' lang='grc' dir='ltr'>σε</span> <span class='ocrx_word' id='word_1_236' title='bbox 741 3950 793 4011; x_wconf 77' lang='grc' dir='ltr'>τοῦ</span> <span class='ocrx_word' id='word_1_237' title='bbox 815 3943 991 4022; x_wconf 75' lang='grc' dir='ltr'><em>Αὐγούστου</em></span> <span class='ocrx_word' id='word_1_238' title='bbox 1016 3944 1068 4008; x_wconf 80' lang='lat' dir='ltr'>uoti</span> <span class='ocrx_word' id='word_1_239' title='bbox 1093 3943 1254 4024; x_wconf 64' lang='lat' dir='ltr'>carpetania</span> <span class='ocrx_word' id='word_1_240' title='bbox 1277 3944 1390 4022; x_wconf 78' lang='grc' dir='ltr'><em>βουλῆς</em></span> <span class='ocrx_word' id='word_1_241' title='bbox 1412 3946 1446 4010; x_wconf 78' lang='grc' dir='ltr'>τὸ</span> 
     </span>
     <span class='ocr_line' id='line_1_32' title="bbox 272 4059 1199 4142; baseline 0.002 -20"><span class='ocrx_word' id='word_1_242' title='bbox 272 4065 393 4140; x_wconf 77' lang='grc' dir='ltr'><em>χρυσοῖς</em></span> <span class='ocrx_word' id='word_1_243' title='bbox 417 4060 592 4134; x_wconf 68' lang='grc' dir='ltr'>δακτυλίοις</span> <span class='ocrx_word' id='word_1_244' title='bbox 614 4062 743 4142; x_wconf 68' lang='grc' dir='ltr'>χρῆσθαι</span> <span class='ocrx_word' id='word_1_245' title='bbox 768 4059 867 4138; x_wconf 75' lang='grc' dir='ltr'><em>ἔλαβε</em></span> <span class='ocrx_word' id='word_1_246' title='bbox 889 4062 952 4140; x_wconf 88' lang='lat' dir='ltr'>(ius</span> <span class='ocrx_word' id='word_1_247' title='bbox 975 4061 1066 4125; x_wconf 83' lang='lat' dir='ltr'>anuli</span> <span class='ocrx_word' id='word_1_248' title='bbox 1089 4061 1199 4141; x_wconf 79' lang='lat' dir='ltr'>aurei).</span> 
     </span>
    </p>

    <p class='ocr_par' dir='ltr' id='par_1_15' title="bbox 269 4172 1445 4488">
     <span class='ocr_line' id='line_1_33' title="bbox 315 4172 1444 4259; baseline 0.005 -25"><span class='ocrx_word' id='word_1_249' title='bbox 315 4173 368 4252; x_wconf 83' lang='lat'>60,</span> <span class='ocrx_word' id='word_1_250' title='bbox 401 4173 454 4252; x_wconf 91' lang='grc'>33,</span> <span class='ocrx_word' id='word_1_251' title='bbox 489 4172 521 4238; x_wconf 80' lang='lat'>2¹</span> <span class='ocrx_word' id='word_1_252' title='bbox 554 4174 691 4259; x_wconf 84' lang='lat' dir='ltr'>(Xiph.):</span> <span class='ocrx_word' id='word_1_253' title='bbox 724 4173 759 4238; x_wconf 76' lang='lat' dir='ltr'>ud</span> <span class='ocrx_word' id='word_1_254' title='bbox 783 4172 939 4253; x_wconf 82' lang='grc' dir='ltr'><em>κοοροσένσῳ</em></span> <span class='ocrx_word' id='word_1_255' title='bbox 963 4173 997 4235; x_wconf 82' lang='grc' dir='ltr'>ἐν</span> <span class='ocrx_word' id='word_1_256' title='bbox 1016 4178 1085 4244; x_wconf 73' lang='grc' dir='ltr'>τοῖς</span> <span class='ocrx_word' id='word_1_257' title='bbox 1109 4172 1291 4254; x_wconf 75' lang='grc' dir='ltr'>πανηγύρεσι</span> <span class='ocrx_word' id='word_1_258' title='bbox 1315 4177 1444 4256; x_wconf 68' lang='grc' dir='ltr'>χρῆσθαι</span> 
     </span>
     <span class='ocr_line' id='line_1_34' title="bbox 271 4285 1445 4373; baseline 0.003 -22"><span class='ocrx_word' id='word_1_259' title='bbox 271 4285 356 4368; x_wconf 72' lang='lat' dir='ltr'>cupri</span> <span class='ocrx_word' id='word_1_260' title='bbox 392 4295 447 4362; x_wconf 78' lang='grc' dir='ltr'>σῆς</span> <span class='ocrx_word' id='word_1_261' title='bbox 478 4286 593 4364; x_wconf 75' lang='grc' dir='ltr'><em>βουλῆς</em></span> <span class='ocrx_word' id='word_1_262' title='bbox 624 4286 738 4366; x_wconf 74' lang='grc' dir='ltr'><em>ἔλαβεν</em></span> <span class='ocrx_word' id='word_1_263' title='bbox 761 4291 962 4372; x_wconf 88' lang='lat' dir='ltr'>(potestatem</span> <span class='ocrx_word' id='word_1_264' title='bbox 987 4286 1099 4349; x_wconf 88' lang='lat' dir='ltr'>utendi</span> <span class='ocrx_word' id='word_1_265' title='bbox 1122 4294 1275 4373; x_wconf 89' lang='lat' dir='ltr'>carpento</span> <span class='ocrx_word' id='word_1_266' title='bbox 1298 4292 1332 4353; x_wconf 93' lang='lat' dir='ltr'>in</span> <span class='ocrx_word' id='word_1_267' title='bbox 1358 4291 1445 4356; x_wconf 88' lang='lat' dir='ltr'>ludis</span> 
     </span>
     <span class='ocr_line' id='line_1_35' title="bbox 269 4405 653 4488; baseline -0.005 -20"><span class='ocrx_word' id='word_1_268' title='bbox 269 4423 288 4468; x_wconf 86' lang='lat' dir='ltr'>a</span> <span class='ocrx_word' id='word_1_269' title='bbox 312 4407 428 4468; x_wconf 88' lang='lat' dir='ltr'>senatu</span> <span class='ocrx_word' id='word_1_270' title='bbox 451 4405 653 4488; x_wconf 80' lang='lat' dir='ltr'>impetravit).</span> 
     </span>
    </p>
   </div>
   <div class='ocr_carea' id='block_1_7' title="bbox 0 0 1704 5212">
    <p class='ocr_par' dir='ltr' id='par_1_16' title="bbox 0 0 1704 5212">
     <span class='ocr_line' id='line_1_36' title="bbox 0 0 1704 5212; baseline 0 1"><span class='ocrx_word' id='word_1_271' title='bbox 0 0 1704 5212; x_wconf 95' lang='lat' dir='ltr'> </span> 
     </span>
    </p>
   </div>
  </div>
 </body>
</html>
