3378 5212
821 512 884 576 130

311 702 365 784 44,
390 702 444 784 42,
471 702 506 765 1;
532 696 588 764 ὅσα
613 722 647 763 τ.
674 700 728 774 τὴν
751 698 849 780 ἀρχὴν
869 698 1101 784 (consulatum)
1115 694 1299 784 δνῷννοενβ.
1313 719 1337 764 e.
1362 719 1440 784 per

265 815 482 896 consulatum,
504 832 561 896 per
583 820 711 897 tempus
736 831 800 896 quo
824 813 939 876 consul
962 812 1052 897 erat).

310 929 364 1011 42,
389 928 443 1011 34,
468 929 504 992 1:
530 929 632 992 ταῦτα
658 949 691 990 τ.
716 926 770 999 τὴν
790 924 941 989 οὶτονοίαν
960 926 1055 990 αὐτοῦ
1076 924 1395 1009 transvadatum,
1410 929 1439 989 1.

310 1041 364 1124 40,
388 1042 420 1123 4,
444 1042 481 1104 2:
505 1037 746 1116 καταμείναντος
769 1039 863 1103 αὐτοῦ
888 1061 922 1101 τ.
947 1038 996 1103 τὸν
1020 1041 1167 1117 χειμῶνα.

310 1155 364 1238 55,
399 1155 453 1237 27,
487 1154 524 1217 5:
562 1152 751 1234 Φοβούαενος
785 1152 830 1231 μὴ
863 1151 876 1215 ὃ
911 1150 1084 1231 Αὔγουστος
1110 1151 1206 1217 ἄλλον
1230 1151 1299 1216 τινα
1324 1176 1358 1216 τ.
1383 1154 1438 1228 τὴν

265 1266 415 1332 ἀπουσίαν
438 1268 531 1332 αὐτοῦ
557 1265 724 1347 τροτνμνὶον
749 1267 833 1352 (eius
857 1269 1009 1351 temporis
1033 1267 1125 1350 lapsu
1150 1286 1206 1350 per
1226 1265 1437 1351 quodebest).

310 1382 364 1465 57,
398 1381 452 1464 20,
484 1383 521 1446 3:
547 1380 599 1444 ἐπὶ
623 1381 665 1461 τῷ
690 1377 807 1461 Δρούσῳ
831 1379 951 1458 τοίνμα
975 1403 1009 1442 τ.
1036 1380 1090 1454 τὴν
1113 1378 1191 1445 νόσον
1214 1381 1308 1444 αὐτοῦ
1333 1404 1436 1444 σνντε-

265 1493 365 1567 οενκώς
388 1495 530 1578 (carmen
554 1496 735 1579 composuit
758 1513 815 1578 per
838 1500 965 1577 tempus
990 1513 1055 1577 quo
1078 1491 1208 1558 Drusus
1231 1494 1436 1581 aegrotabat).

308 1607 547 1673 Posterioribus
585 1607 713 1672 duobus
748 1607 915 1691 exemplis,
951 1627 1146 1693 quamquam
1182 1627 1247 1671 non
1282 1615 1436 1692 perpetuo

264 1723 406 1787 actiones
441 1725 494 1786 τοῦ
529 1727 711 1802 προτιμῆσαι
747 1728 778 1786 et
812 1724 865 1785 τοῦ
900 1722 1044 1786 συνθεῖναι
1076 1720 1193 1799 ποίημα
1218 1741 1274 1806 per
1297 1724 1437 1807 spatium

265 1836 351 1920 quod
386 1836 508 1900 dictum
534 1840 582 1900 est
605 1835 698 1918 fiunt,
721 1839 828 1898 omen
852 1835 891 1899 de
926 1836 1084 1918 spatio
1117 1837 1272 1921 temporis
1295 1837 1436 1920 cogitan-

264 1950 342 2014 dum
367 1955 425 2014 est.

306 2065 334 2146 ο)
359 2063 518 2147 Exempla
542 2062 663 2147 quibus
686 2063 881 2146 praepositio
906 2060 990 2142 παρὰ
1014 2062 1181 2146 temporali
1202 2063 1334 2127 notione
1346 2082 1436 2146 prae-

263 2179 330 2243 dita
365 2197 429 2242 non
461 2178 583 2242 indicat
605 2179 712 2261 ipsum
750 2177 954 2261 spatium
990 2178 1143 2260 temporis
1165 2195 1222 2260 per
1245 2176 1333 2259 quod
1357 2177 1437 2260 quid

262 2291 307 2376 fit,
348 2293 405 2358 sed
448 2293 600 2376 temporis
642 2296 867 2376 punctum
903 2292 1056 2375 magni
1091 2291 1335 2372 momenti,
1370 2310 1436 2374 quo

263 2406 342 2490 quid
365 2404 411 2488 lit,
434 2408 530 2471 ouius
553 2406 720 2471 nausiam
745 2405 831 2489 apud
855 2403 1103 2469 Demosthenem
1127 2404 1172 2489 (4,
1197 2405 1256 2468 33:
1283 2403 1367 2484 ταρὰ
1386 2403 1436 2469 τὸν

261 2517 368 2603 καιρόν,
391 2520 446 2603 20,
470 2519 531 2584 41:
557 2515 642 2598 rraprl
664 2520 794 2582 τοιοῦτον
817 2515 934 2602 καιρόν)
961 2518 1146 2602 exemplum
1167 2517 1340 2582 habemus:

307 2635 361 2718 00,
387 2634 439 2717 18,
464 2634 502 2697 4:
535 2631 604 2706 τοὺς
627 2630 679 2696 δια
701 2631 795 2711 μένου
818 2639 873 2706 τῆς
896 2629 964 2704 θέας
987 2654 1022 2695 τ.
1047 2631 1097 2696 τὸν
1120 2635 1172 2696 τοῦ
1195 2630 1317 2712 οὶρίοτου
1341 2630 1436 2712 καιρὸν

262 2745 550 2826 αατακοττομένονς
586 2742 696 2820 ἥδιστα
731 2744 839 2826 ἐθεώρει
875 2746 1031 2829 (tempore
1053 2746 1190 2829 prandii,
1212 2764 1278 2829 quo
1301 2745 1435 2829 prande

263 2861 381 2947 batur).
416 2859 535 2937 Quaeri
566 2866 670 2944 potest
693 2880 753 2925 our
775 2858 837 2923 Dio
862 2861 1066 2943 usurpaverit
1088 2859 1216 2943 plenam
1240 2860 1435 2924 locutionem

263 2975 313 3041 τὸν
339 2978 391 3039 τοῦ
415 2972 538 3053 ἀρίστου
562 2973 660 3053 καιρὸν
683 2993 742 3040 nee
767 2993 842 3039 vero
866 2974 1055 3058 simpliciter
1079 2995 1113 3036 τ.
1138 2972 1172 3037 τὸ
1194 2969 1313 3053 ἄριστον
1337 2974 1437 3058 scrip·

262 3063 356 3168 seril3
382 3089 476 3152 cuius
498 3088 546 3152 rei
569 3088 647 3152 haec
670 3089 749 3152 mihi
772 3108 869 3152 causa
893 3106 964 3153 esse
987 3087 1114 3152 videtur
1138 3086 1224 3170 quod
1248 3106 1435 3152 consue·

262 3202 375 3266 tudo
409 3200 586 3280 indicatur,
624 3220 749 3286 semper
783 3203 868 3267 enim
893 3220 930 3266 ea
949 3201 1031 3265 hora
1055 3222 1119 3285 qua
1142 3200 1291 3289 pranderi
1315 3201 1437 3266 solebat

263 3315 349 3379 servi
385 3313 516 3397 quidam
540 3313 747 3398 necabantur,
772 3335 836 3400 quo
860 3315 1042 3400 spectaculo
1066 3313 1220 3379 Claudius
1244 3334 1436 3400 magnopere

262 3425 432 3510 gaudebat.
466 3426 571 3491 Etiam
604 3428 701 3493 verba
725 3453 760 3493 τ.
784 3429 819 3494 τὸ
840 3427 958 3510 ἄριστον
981 3430 1140 3514 pertinere
1163 3428 1264 3492 videri
1288 3434 1436 3513 poterant

262 3540 302 3604 ad
338 3539 534 3606 vocabulum
565 3542 860 3622 κατακοπτομένους,
891 3545 936 3608 ita
958 3548 996 3608 ut
1019 3543 1206 3624 indicarent,
1229 3561 1339 3608 servos
1361 3543 1435 3608 illos

262 3658 404 3738 tempore
427 3655 553 3738 prandii
576 3657 628 3720 sui
652 3655 743 3740 (dum
767 3657 829 3741 ipsi
853 3656 1025 3741 prandent)
1049 3675 1119 3721 esse
1142 3660 1281 3720 necatos.

307 3769 361 3850 37,
397 3768 451 3851 45,
488 3770 521 3832 1:
559 3772 611 3832 τοῦ
635 3768 768 3834 Κλωδίου
792 3769 846 3842 τὴν
868 3775 999 3848 γυναῖκα
1022 3770 1115 3834 αὐτοῦ
1140 3769 1196 3854 (sc.
1221 3767 1381 3855 Καίσαρος)
1405 3767 1434 3834 ἔν

263 3905 297 3945 τε
324 3889 361 3963 τῇ
385 3880 464 3966 οἰκίᾳ
489 3882 540 3947 καὶ
565 3906 599 3946 τ.
625 3884 679 3958 τὴν
703 3881 821 3957 τοΙνονν
844 3888 902 3948 τῶν
926 3884 1046 3964 ἱερῶν..
1062 3932 1090 3949 ..
1117 3881 1316 3962 αἰσχύναντος
1340 3884 1434 3967 (tem-

261 4015 338 4080 pore
362 4016 427 4081 quo
451 4017 541 4062 sacra
564 3996 706 4082 fiebant).

306 4109 358 4174 Sic
381 4111 466 4195 apud
490 4110 643 4175 loannem
662 4112 901 4176 Antiochenam
914 4113 1053 4195 legimus
1068 4112 1143 4190 (vid.
1157 4113 1211 4195 61,
1225 4113 1256 4196 7,
1268 4113 1300 4195 4,
1313 4113 1345 4176 in
1359 4111 1433 4176 edit.

263 4223 379 4308 Boias)
416 4247 451 4287 τ.
484 4223 601 4288 δεῖπνον
633 4223 798 4304 δνλντνρίῳ
823 4223 978 4305 φαρμάκῳ
1003 4223 1165 4306 διέφθειρεν
1188 4227 1234 4307 (in
1258 4226 1432 4309 cenando);

263 4337 301 4401 ci.
326 4338 473 4421 exempla
492 4336 728 4422 Xenophonteo
748 4337 856 4421 (Gonu.
878 4340 910 4421 8,
931 4340 991 4420 413
1014 4340 1045 4422 6,
1066 4339 1098 4420 2)
1119 4345 1151 4404 et
1166 4338 1331 4403 Plutarchi
1345 4338 1434 4420 (Ant.

265 4451 305 4515 75
324 4472 330 4514 :
357 4450 441 4532 rrapdr
463 4450 598 4526 δεῖτνονς
623 4453 681 4516 24;
708 4473 743 4514 τ.
768 4452 822 4526 τὴν
846 4450 978 4528 κύλικας
999 4452 1078 4517 Mor.
1102 4473 1131 4537 p.
1154 4452 1216 4516 143
1238 4451 1277 4516 0:
1293 4474 1327 4515 τ.
1341 4446 1432 4535 οἶνον).
