3378 5212
774 535 836 600 167

217 725 354 806 ἀφορμή,
390 721 519 799 ἐξουσία,
557 718 657 802 ἰσχύς,
693 722 750 787 ubi
784 723 989 809 participium
1024 720 1179 800 γενόμενος
1214 723 1264 788 vel
1302 705 1392 795 doleis

218 844 325 904 mente
358 837 575 923 supplendum
607 843 666 901 est.
697 836 845 901 Ulterius
869 837 964 901 etiam
989 855 1181 919 progressus
1201 841 1250 901 est
1272 834 1334 901 Dio
1357 838 1391 900 in

217 952 434 1017 locutionibus
456 951 630 1016 eiusmodi:
656 947 698 1014 rol
722 949 807 1030 ποορὸο
831 953 887 1016 πῶν
912 947 1003 1026 νόμων
1027 945 1118 1021 ἆθλον,
1139 950 1193 1024 τὴν
1215 949 1300 1030 ποοροὶ
1319 951 1391 1027 ἐμοῦ

219 1063 404 1143 κηδεμονίοον,
432 1062 641 1145 προοποοπείοον,
666 1062 720 1135 τὴν
744 1064 857 1138 σιωπὴν
880 1063 951 1142 παρ’
972 1061 1161 1144 ἀμφοτέρων,
1181 1071 1217 1144 τῇ
1240 1061 1324 1144 ποοροὶ
1336 1069 1392 1137 τῆς

219 1165 321 1260 τάχος
344 1183 428 1261 ῥοπῇ,
453 1178 509 1244 ubi
532 1179 724 1262 praepositio
749 1176 833 1257 ποροὶ
857 1177 923 1242 fere
943 1177 995 1240 vel
1008 1196 1141 1261 prorsus
1154 1196 1392 1262 supervacanea

219 1294 301 1358 fasta
323 1300 379 1359 est.
403 1299 485 1378 (pag.
512 1292 706 1371 loo-115).

264 1408 283 1490 5
307 1409 336 1472 5.
369 1406 503 1471 Locutio
537 1404 579 1470 rai
604 1403 688 1485 rapot
711 1427 799 1478 τινος,
824 1422 907 1489 quae
930 1403 1016 1488 apud
1040 1405 1239 1488 antiquiores
1264 1405 1391 1489 saepius

218 1523 391 1605 invenitur,
414 1541 434 1584 a
456 1519 560 1584 Dione
584 1520 683 1584 semel.
707 1524 833 1583 tantum
859 1518 1002 1582 adhibita
1024 1524 1072 1583 est
1095 1517 1164 1602 (73,
1191 1518 1243 1601 17,
1267 1518 1312 1602 4),
1332 1537 1392 1582 nec

95 1628 100 1638 “
218 1654 362 1718 unquam
385 1634 581 1699 locutionem
606 1632 631 1695 oi
655 1629 739 1712 rapot
761 1653 848 1704 τινος,
873 1651 955 1715 quae
979 1632 1064 1715 apud
1084 1630 1258 1713 Polybium
1273 1634 1390 1717 saepis-

218 1751 298 1814 sime
322 1749 471 1828 occurrit,
495 1745 625 1812 Cassius
648 1746 785 1811 admisit
807 1748 887 1830 (pag.
915 1746 1110 1824 115-116(

262 1863 281 1946 5
305 1864 334 1926 6.
358 1861 416 1926 Bis
438 1863 606 1945 usurpavit
625 1858 687 1925 Dio
705 1860 900 1925 locutionem
922 1859 1013 1932 αὐτὸς
1038 1859 1109 1939 παρ’
1130 1858 1238 1922 ἑαυτοῦ
1252 1879 1390 1942 quorum

221 1981 359 2060 utroque
382 1974 452 2038 loeo
476 1973 610 2038 verbum
635 1970 809 2050 λαμβάνειν
833 1972 1007 2057 ampliandi
1029 1979 1061 2038 et
1084 1972 1267 2056 explicandi
1289 1974 1392 2058 gratia

220 2088 364 2152 additum
384 2087 558 2151 invenitur.
582 2094 662 2171 (pag.
690 2086 773 2165 116).

264 2202 282 2285 5
318 2203 346 2265 7.
380 2199 543 2284 Singulari
577 2201 708 2264 notione
744 2198 925 2263 adhibitum
951 2204 1000 2264 est
1025 2199 1096 2279 παρ’
1120 2198 1302 2280 ἀμφοτέρων
1326 2199 1391 2282 (48,

221 2317 252 2398 9,
287 2316 325 2395 4;
357 2315 411 2397 47,
442 2315 496 2397 37,
519 2314 556 2394 53
582 2314 636 2397 49,
661 2315 714 2396 10,
738 2315 772 2393 1;
799 2313 852 2396 48,
877 2314 930 2395 38,
955 2315 985 2394 7)
1010 2314 1098 2397 quod
1121 2312 1183 2378 Dio
1209 2351 1249 2360 —
1273 2311 1391 2378 Diodo-

193 2411 290 2493 'rum
326 2428 471 2493 Siculum
503 2433 539 2492 ut
562 2428 690 2492 videtur
714 2433 846 2492 secutus
869 2465 907 2473 —
932 2426 1078 2493 absolute
1102 2429 1271 2512 usurpavit
1292 2446 1391 2492 sensu

221 2541 436 2626 ,utrimque'’.
460 2541 543 2626 (pag.
571 2539 769 2624 117-119).

262 2654 321 2719 m.
343 2653 392 2720 De
415 2673 491 2718 acc
506 2654 695 2717 usativo
719 2654 951 2738 praepositioni
976 2652 1060 2732 παρὰ
1084 2652 1192 2717 addito
1215 2655 1292 2718 haec
1315 2663 1392 2718 sunt

219 2788 302 2853 quae
325 2768 585 2833 observavimus:

264 2882 282 2965 5
307 2882 335 2946 1.
358 2880 438 2946 (lum
462 2883 646 2946 accusativo
669 2883 842 2944 coniuncta
866 2881 1058 2965 praepositio
1083 2879 1166 2960 ποοροὶ
1188 2881 1228 2944 ad
1247 2882 1391 2946 indican-

221 2995 293 3060 dam
324 3014 491 3079 personam
515 2998 762 3078 (nonnunquam
785 2997 864 3074 rem(
890 3013 954 3078 quo
978 2995 1060 3058 aetio
1085 2996 1235 3060 movendi
1258 3014 1292 3060 se
1315 2997 1390 3060 diri-

218 3110 274 3193 git,
297 3111 483 3192 saepissime
504 3111 643 3174 occurrit
666 3108 751 3192 apud
775 3107 974 3172 Herodotum
999 3114 1029 3172 et
1047 3106 1276 3193 Thucydidem,
1291 3111 1391 3174 multo

217 3229 326 3289 autem
359 3225 465 3288 rarius
495 3224 581 3308 apud
610 3225 803 3288 recentiores
826 3225 1015 3307 scriptores;
1041 3220 1171 3287 Cassius
1194 3221 1255 3286 Dio
1279 3230 1391 3306 quater

218 3339 435 3423 quinquiesve
456 3339 501 3402 ita
524 3337 671 3401 adhibuit
693 3338 970 3421 praepositionem.
995 3335 1079 3421 (pag.
1107 3336 1304 3420 lac-122).

262 3453 281 3535 5
315 3454 344 3517 2.
375 3451 414 3515 In
447 3449 737 3536 significationibus
764 3449 897 3532 „iuxta”
921 3456 952 3515 et
979 3449 1147 3533 „praeter”
1170 3451 1236 3515 lere
1259 3455 1390 3515 secutus

218 3571 266 3630 est
295 3564 357 3630 Dio
389 3566 588 3650 antiquiores
614 3563 794 3648 scriptores,
819 3564 875 3628 sed
899 3564 1126 3628 memorandus
1150 3574 1198 3628 est
1221 3564 1312 3628 locus
1336 3564 1389 3648 48,

219 3679 272 3762 50,
295 3680 327 3762 3,
350 3679 407 3742 ubi
429 3679 550 3742 locutio
573 3677 644 3755 ποορ
668 3674 761 3748 atriu
784 3674 838 3748 rto
858 3675 975 3756 ἤπειρον
994 3677 1189 3760 singularem
1211 3679 1244 3740 in
1258 3677 1389 3742 modum

219 3791 358 3856 adbibita
393 3799 441 3856 est
476 3789 647 3875 (significat
678 3792 774 3873 enim,
797 3809 863 3854 non
886 3792 978 3855 iuxta
1002 3793 1230 3873 continentem,
1253 3791 1309 3855 sed
1332 3809 1391 3875 per

218 3908 317 3968 totam
342 3906 536 3969 continentis
559 3904 786 3986 latitudinem),
810 3904 849 3968 do
871 3924 935 3987 quo
959 3901 1028 3968 loco
1053 3924 1123 3988 pag.
1149 3905 1211 3968 123
1237 3905 1388 3970 diximus.

219 4016 386 4083 Praeterea
419 4019 538 4102 dignus
572 4024 620 4082 est
643 4019 700 4102 qui
724 4023 919 4082 memoretur
942 4019 1033 4082 loeus
1058 4017 1111 4100 48,
1139 4017 1243 4100 19,1,
1270 4018 1324 4081 nbi
1349 4019 1388 4083 de

219 4152 285 4196 una
319 4132 388 4195 sola
420 4131 509 4214 urbe,
544 4149 608 4195 non
644 4131 683 4195 de
716 4132 847 4216 regione
879 4150 984 4196 sermo
1008 4137 1066 4214 est,
1089 4131 1266 4196 secundum
1290 4152 1388 4216 qnam

218 4246 375 4331 proelium
398 4243 436 4308 fit
458 4246 579 4309 navale.
603 4251 685 4331 (pag.
712 4246 907 4323 lar-127).

265 4359 284 4441 5
319 4361 348 4423 8.
383 4357 578 4442 Temporalis
614 4357 815 4443 significatio,
848 4364 884 4423 ut
914 4359 999 4443 apud
1023 4360 1216 4424 recentiores
1238 4362 1282 4424 ita
1305 4361 1391 4445 apud

219 4471 365 4540 Cassium
389 4475 576 4558 saepissime
599 4475 717 4556 (tricies
741 4473 817 4556 fere(
842 4476 990 4557 occurrit,
1014 4494 1180 4557 nunquam
1200 4475 1286 4559 apud
1305 4474 1389 4540 Thu-
