3400 5212
850 515 892 580 92

288 705 375 770 enim
410 705 450 769 de
484 704 604 789 quibus
638 723 743 769 sermo
777 713 826 769 est
858 703 1021 769 exhibitae
1055 704 1208 767 dicuntur
1237 721 1301 766 non
1327 722 1345 765 a
1371 705 1462 785 parte

289 836 399 883 eorum
431 819 487 902 qui
521 817 669 882 lubenter
698 837 753 883 eas
782 817 935 902 praebent
959 817 1017 882 sed
1040 836 1151 882 eorum
1176 817 1232 900 qui
1256 817 1357 879 coacti
1382 821 1461 879 sunt

289 930 390 1018 dare),
422 932 521 996 altero
552 938 660 997 autem
684 933 832 1015 exemplo
856 931 1060 997 substantiva
1084 928 1173 1010 ἔχθος
1191 937 1223 995 et
1247 927 1458 1010 <traicerem

289 1043 504 1110 adhibuerunt
537 1045 603 1108 vim
637 1047 673 1108 in
708 1045 857 1130 eligenda
888 1046 1123 1129 praepositione
1145 1041 1350 1130 (inimicitiae
1372 1043 1459 1106 enim

288 1162 385 1242 atque
408 1159 547 1223 amicitia
570 1179 590 1224 a
611 1165 701 1243 parte
724 1160 893 1224 cniusdam
917 1158 1059 1244 protecta
1081 1158 1137 1222 alii
1160 1154 1359 1243 obtingunt).

333 1270 468 1357 Saepius
503 1271 636 1338 verbum
673 1271 824 1354 ὑπάρχειν
854 1275 1091 1358 praepositione
1114 1269 1198 1351 παρὰ
1220 1291 1293 1336 cum
1318 1271 1461 1354 genitivo

289 1384 405 1468 addita,
434 1386 520 1470 apud
550 1387 630 1452 alios
659 1389 800 1453 occurrit
822 1390 1013 1472 scriptores;
1037 1406 1055 1451 e
1078 1386 1228 1470 pluribus
1252 1405 1355 1470 pauca
1379 1383 1461 1448 dabo

289 1499 453 1582 exempla:
489 1497 653 1565 Demosth.
678 1503 708 1584 4,
731 1502 791 1565 33:
815 1495 837 1564 b
859 1499 886 1564 δ’
911 1496 1042 1580 ὑσοίρξαι
1066 1499 1114 1562 δεῖ
1134 1498 1206 1578 παρ’
1231 1497 1322 1576 ὑμῶν,
1347 1497 1383 1561 cf.
1411 1498 1462 1577 18,

293 1612 328 1676 l:
364 1609 515 1688 τοσαύτην
549 1609 679 1694 ὑπάρξαι
715 1637 766 1692 μοι
791 1614 863 1694 παρ’
888 1613 970 1692 ὑμῶν
991 1611 1052 1700 (ec.
1076 1610 1202 1696 εὔνοιαι)
1226 1612 1328 1697 [prius
1351 1630 1462 1675 exem·

290 1727 378 1811 plum
404 1727 650 1811 congruitcum
674 1733 783 1792 nostro
806 1728 920 1812 priore,
942 1728 1103 1811 posterius
1126 1745 1200 1790 cum
1225 1730 1334 1790 nostro
1357 1729 1462 1809 poste·

290 1841 402 1926 riore];
439 1843 492 1923 20,
526 1841 586 1918 823
622 1843 652 1922 2,
683 1844 743 1922 at;
779 1844 807 1924 1,
832 1841 1109 1924 10,e.a.;1s00r.
1132 1841 1163 1922 8,
1187 1841 1246 1920 ⁷33
1272 1840 1301 1922 8,
1328 1840 1407 1921 140;
1432 1841 1463 1922 9,

293 1956 333 2018 19
358 1953 419 2039 (σοὶ
442 1951 476 2029 ἐξ
498 1954 761 2039 αρχῆςΕὐαγόρᾳ
784 1955 949 2036 nepotatio
973 1953 1117 2035 προγόνων
1141 1950 1352 2039 ὑπάρξαντα).

334 2068 403 2133 Iam
441 2067 582 2133 vidimus
605 2070 734 2154 saepius
757 2070 790 2132 in
815 2071 974 2153 exemptis
998 2069 1037 2134 de
1063 2067 1183 2153 quibus
1207 2073 1378 2152 postremo·
1391 2067 1463 2130 loco

292 2182 445 2263 diximus,
476 2183 743 2265 praepositionem
780 2182 864 2263 παρὰ
898 2183 1049 2248 accedere
1083 2182 1318 2267 significatione
1341 2181 1381 2245 ad
1406 2180 1461 2244 ὑπὸ

291 2298 568 2380 praepositionem,
603 2297 648 2360 ita
681 2302 719 2361 ut
754 2294 874 2370 ἔπαινος
908 2295 1049 2375 γίγνεται
1083 2294 1166 2376 παρά
1188 2318 1267 2368 τινος
1289 2294 1355 2359 fere
1378 2295 1462 2358 idem

292 2408 451 2492 significet
484 2414 582 2494 atque
616 2409 675 2474 ὑσί
709 2434 803 2491 σιιοςς
839 2431 879 2478 ex
912 2432 977 2496 quo
1008 2411 1101 2476 facile
1124 2411 1321 2494 intellegitur
1345 2411 1463 2473 mirum

292 2541 356 2586 non
380 2542 450 2588 esse
473 2525 501 2587 si
524 2525 711 2608 saepissime
734 2527 819 2611 apud
842 2529 1035 2591 recentiores
1058 2531 1215 2607 auctores,
1235 2525 1343 2589 miuus
1356 2528 1462 2587 autem

291 2635 476 2719 frequenter
510 2637 594 2721 apud
625 2641 830 2723 antiquiores,
852 2640 1028 2704 adhibitam
1053 2638 1233 2703 videbimus
1256 2637 1463 2722 praepositio·

292 2767 366 2814 nem
391 2749 474 2830 σαρδι
497 2751 531 2812 in
555 2750 698 2816 Passivis
721 2772 779 2837 pro
804 2754 928 2838 vulgari
953 2752 1012 2816 ὑπὸ
1036 2753 1276 2837 praepositione.
1297 2749 1464 2827 Quatenus

292 2860 354 2926 Dio
378 2863 465 2927 hunc
488 2883 585 2928 usum
608 2866 799 2950 praebuerit,
824 2867 842 2950 ᾖ
867 2869 903 2932 3³
928 2866 1118 2932 videbimus.

338 3086 356 3169 ξ
382 3087 410 3151 3.
434 3085 482 3152 De
506 3086 589 3166 σαρίι
613 3107 686 3152 cum
710 3091 853 3172 genitivo
877 3090 984 3155 verbis
1006 3091 1144 3174 passivis
1168 3089 1284 3152 additu.

338 3197 421 3277 Quia
455 3201 614 3285 permulta
648 3203 861 3267 inveniuntur
891 3204 1040 3287 exempla
1062 3203 1149 3266 hunc
1175 3222 1270 3266 usum
1296 3201 1466 3286 probantia

293 3315 378 3399 apud
402 3314 559 3398 Cassium,
583 3315 757 3400 praestabit
780 3316 908 3382 duobus
932 3317 1036 3382 modis
1056 3336 1254 3400 enumerare,
1267 3319 1368 3401 primo
1386 3338 1464 3402 qua-

292 3434 388 3493 tenus
412 3429 606 3513 praepositio
632 3429 716 3509 σαρδι
740 3449 814 3493 cum
839 3429 938 3494 verbo
962 3430 1189 3513 coniungenda
1212 3449 1284 3494 esse
1307 3431 1464 3512 videatur,

293 3544 408 3608 deinde
443 3543 549 3627 quoad
584 3544 775 3627 respiciendi
812 3545 984 3609 videantur
1017 3549 1165 3609 auctores
1200 3545 1335 3608 actionis
1367 3542 1465 3608 verbo

293 3675 470 3742 expressae.
494 3656 604 3720 Primo
625 3656 694 3721 loco
716 3659 750 3720 in
771 3660 853 3723 serie
873 3659 1094 3742 exemplorum
1108 3658 1257 3722 dabimus
1269 3677 1307 3722 ea
1319 3659 1466 3742 exempla

294 3791 376 3855 quae
406 3790 480 3835 cum
504 3771 612 3834 Attico
638 3789 786 3836 sermone
810 3773 992 3836 accuratius
1016 3773 1230 3851 couveniunt;
1256 3770 1354 3835 verba
1378 3773 1462 3836 enim

294 3886 382 3949 velut
404 3881 550 3955 δίδοσθαι,
576 3903 658 3968 quae
680 3903 754 3948 oum
776 3884 987 3949 substantivis
999 3885 1179 3966 cohaerent,
1192 3903 1275 3969 quae
1285 3884 1379 3949 facile
1390 3903 1464 3949 cum

293 3999 528 4082 praepositione
552 3997 635 4079 σαρδι
646 4000 894 4083 coniungantur,
905 4001 1045 4083 primum
1059 4005 1167 4064 tenere
1179 3999 1287 4062 locum
1301 3999 1465 4083 oportebit.

337 4112 376 4174 A.
400 4109 493 4187 Quod
518 4114 631 4177 attinet
654 4113 694 4176 ad
718 4113 815 4177 verba
839 4115 909 4196 ipsa
933 4113 1061 4196 passivo
1084 4130 1201 4195 genere
1224 4112 1382 4177 adhibita:

339 4221 545 4289 δίδοσθαι
579 4225 695 4306 σαροί
730 4249 850 4318 τινος
884 4245 1015 4309 nempe:

339 4338 393 4421 48,
417 4339 471 4421 42,
494 4340 531 4403 4:
558 4339 592 4403 τὸ
617 4338 738 4420 χρυσίον
762 4340 793 4403 τὸ
818 4363 852 4403 σι’.
879 4343 936 4403 τῶν
962 4337 1075 4403 πόλεων
1100 4340 1129 4412 ἐς
1152 4338 1195 4403 σοὶ
1219 4338 1351 4404 ἐπινίκια
1375 4339 1466 4413 stator

295 4449 439 4516 δίδοσθαι.
