3378 5212
785 539 848 604 135

229 727 445 811 parenthetioe
484 727 570 809 quod
606 727 724 792 dicitur
759 727 860 808 diota3
895 729 940 791 ita
963 728 1048 793 enim
1074 727 1254 812 supplenda
1278 727 1406 792 videtur

130 910 132 918 Ι
229 840 364 904 locutio:
390 839 425 904 τὸ
450 839 505 917 μὲν
528 835 654 925 (ἆμαρ)
679 836 848 920 Θεράπνας,
873 839 907 904 τὸ
933 839 964 902 δὲ
989 835 1113 926 (ἆμαρ)
1141 861 1174 903 π.
1194 835 1279 920 ἆμαρ
1299 839 1404 905 οἰκέον-

227 976 285 1026 τας
309 951 383 1017 ἔνδον
406 951 587 1032 Ὀλύμπου,
611 957 655 1018 ita
679 959 716 1018 ut
739 952 897 1018 vocabula
921 976 955 1016 π.
979 949 1064 1034 ἆμαρ
1088 960 1251 1019 contracta
1274 957 1339 1018 sint
1362 973 1405 1020 ex

226 1068 390 1132 locutione
423 1062 508 1148 ἆμαρ
544 1090 578 1130 π.
615 1063 708 1148 ἆμαρ.
745 1066 841 1132 Hanc
876 1068 1092 1133 evolutionem
1124 1068 1287 1152 explicant
1309 1066 1406 1132 verba

227 1180 392 1264 Sophoclis
426 1184 488 1259 (Αἰ.
525 1182 619 1262 475);
653 1179 687 1244 τί
708 1178 767 1261 γὰρ
793 1203 827 1243 π.
853 1175 934 1262 ἦμαρ
959 1179 1055 1260 ἡμέρα
1078 1179 1198 1260 τέρπειν
1222 1178 1290 1260 ἔχει
1315 1203 1404 1262 προσ-

228 1295 311 1359 (εῖσα
342 1294 504 1359 ααναθεῖσα
527 1296 579 1358 τοῦ
603 1316 641 1371 γε
664 1294 837 1368 κατθανεῑνς
860 1293 980 1376 quibus
1005 1293 1111 1359 verbis
1132 1295 1301 1359 alternatio
1326 1313 1404 1358 non·

229 1407 305 1471 dum
329 1407 451 1490 adesse,
474 1407 659 1491 temporalis
682 1407 872 1490 simpliciter
894 1407 982 1470 notio
1002 1409 1110 1472 inesse
1122 1407 1261 1490 videtur,
1271 1426 1403 1492 nempe:

230 1522 298 1586 dies
329 1526 402 1605 post
437 1521 531 1602 diem,
565 1520 634 1584 dies
669 1521 754 1584 diem
790 1539 940 1603 sequens.
975 1519 1065 1584 Idem
1100 1520 1275 1605 Sophocles
1299 1521 1405 1586 dicere

228 1636 332 1700 voluit
365 1633 472 1700 verbis
507 1634 646 1699 laudatis
670 1652 713 1698 ox
737 1631 814 1698 Oed.
838 1632 913 1714 Col,
937 1632 992 1698 ubi
1017 1640 1124 1699 tamen
1147 1635 1342 1699 locutionem
1368 1656 1403 1697 τ.

230 1743 310 1830 ἦμαρ
334 1748 480 1813 adhibuit
504 1749 623 1813 omisso
647 1748 747 1812 altero
771 1741 852 1827 ἦμαρ
877 1749 946 1812 sive
969 1745 1075 1827 ἡμέρα.

271 1861 477 1927 Recentiores
510 1865 616 1926 autem
649 1863 820 1945 scriptores
851 1862 1011 1925 eiusmodi
1034 1862 1213 1928 locutiones
1235 1864 1281 1926 ita
1300 1868 1404 1927 muta·

229 1978 314 2040 visse
338 1976 490 2041 videntur
514 1981 550 2039 ut
573 1974 813 2040 substantivum
838 1977 999 2057 iterarent,
1021 1976 1052 2039 id
1078 1976 1163 2060 quod
1183 1976 1405 2042 demonstrant

228 2090 378 2173 exempla
401 2089 548 2169 laudata;
574 2089 654 2154 dues
679 2088 719 2153 ob
743 2108 858 2153 causas
882 2090 915 2153 id
937 2089 1051 2153 fecisse
1076 2090 1238 2172 videntur,
1250 2089 1290 2153 ob
1302 2091 1403 2174 expli-

227 2204 346 2268 caudas
369 2205 549 2268 locutiones
573 2205 685 2268 iterato
704 2202 908 2268 substantivo
931 2209 1029 2287 atque
1054 2203 1403 2268 utindicarentdiscri-

228 2337 300 2382 men
324 2317 491 2400 evulgari
514 2317 677 2381 locutione
700 2314 774 2395 παρ’
798 2313 920 2395 ἡμέραν,
946 2317 1031 2380 sicut
1053 2316 1138 2398 apud
1152 2315 1402 2380 Demosthenem

226 2452 252 2497 o.
263 2453 293 2517 g.
317 2433 457 2495 occurrit
480 2431 545 2513 (23,
561 2430 651 2511 182);
667 2452 702 2492 π.
717 2428 829 2509 ἡμέραν
842 2426 979 2509 βαδίζειν
992 2426 1044 2492 ἐπὶ
1058 2427 1227 2509 Χερρόνησον
1239 2429 1401 2511 ασΦαλῶς.

272 2654 291 2736 ᾖ
327 2655 355 2716 5.
389 2652 485 2718 Nunc
519 2654 656 2718 transire
686 2654 761 2717 licet
784 2653 824 2716 ad
848 2671 916 2717 eam
941 2654 1187 2736 praepositionis
1210 2657 1402 2718 sententiam

228 2787 311 2852 quac
345 2768 556 2833 causalis
590 2768 716 2849 dicitur,
750 2787 846 2850 quam
878 2767 964 2852 apud
988 2767 1113 2830 Atticos
1136 2768 1307 2851 scriptores
1330 2787 1402 2832 raro

227 2901 394 2947 occurrere
428 2887 561 2946 constat.
586 2880 682 2945 Notio
706 2881 845 2945 causalis
869 2900 910 2944 ex
934 2881 1102 2964 temporali
1126 2887 1194 2945 orta
1220 2900 1291 2946 esse
1314 2883 1401 2948 vide·

227 3003 296 3072 tur3
330 2998 392 3080 ipsi
418 3000 454 3059 ut
476 2997 520 3058 ita
544 2994 647 3058 dicam
673 3000 764 3058 ortus
783 2995 920 3078 perspici
944 3000 1081 3077 possunt
1103 2995 1190 3078 apud
1213 2993 1401 3062 Demosthe·

227 3111 298 3175 dem
333 3113 442 3194 (quem
478 3110 621 3175 studiose
655 3109 772 3193 legisse
807 3107 953 3172 Cassium
990 3106 1126 3172 Dionem
1158 3110 1236 3174 satis
1260 3115 1402 3194 apparet)

227 3227 284 3309 qui
319 3225 385 3308 (18,
417 3225 492 3302 239(
524 3223 603 3296 haec
626 3221 737 3286 habet:
763 3218 846 3301 εἴπερ
869 3219 1025 3301 ἐνεδέχετο
1050 3220 1135 3302 παρὰ
1156 3221 1226 3295 τοὺς
1250 3223 1401 3302 παρόντας

225 3336 343 3419 καιρούς
368 3338 498 3420 (silleri
521 3342 645 3422 poterat
668 3356 726 3421 per
747 3337 888 3401 rationes
908 3341 1088 3419 temporum
1103 3343 1267 3420 quactum
1281 3342 1399 3420 erant);

226 3470 290 3514 non
325 3470 456 3535 prorsus
490 3450 579 3514 hisce
613 3448 717 3513 verbis
749 3450 882 3512 evanuit
905 3449 1058 3533 temporis
1082 3450 1246 3515 indicandi
1271 3453 1320 3516 vis
1345 3454 1400 3516 sed

224 3566 287 3628 iam
323 3564 410 3629 color
447 3564 576 3628 additur
609 3563 837 3647 praepositioni
874 3560 959 3642 παρὰ
994 3563 1050 3646 qui
1085 3562 1205 3628 indicet
1239 3564 1399 3630 causalem

224 3680 388 3743 notionem
424 3696 506 3761 quae
540 3676 625 3742 clare
659 3677 779 3742 eminet
803 3676 865 3740 alio
890 3674 1140 3741 Demosthenioo
1164 3677 1233 3741 loco
1259 3679 1301 3761 (4,
1328 3680 1398 3759 11(;

224 3791 290 3856 οὐδὲ
324 3789 384 3872 γὰρ
419 3785 503 3863 οὗτος
537 3781 728 3874 (Philippus)
766 3811 800 3852 π.
826 3789 881 3863 τὴν
904 3788 998 3854 αὑτοῦ
1022 3787 1120 3869 ρ’ώμνν
1143 3793 1281 3855 τοσοῦτον
1304 3789 1399 3864 ἐπηύ-

223 3901 315 3981 ξηται
339 3900 402 3970 ὅσον
426 3928 460 3968 π.
486 3903 540 3976 τὴν
564 3901 712 3983 ἡμετέραν
734 3902 894 3980 ἀμέλειαν,
920 3901 976 3966 ubi
1000 3921 1116 3967 sensus
1137 3904 1322 3988 temporalis
1335 3907 1399 3969 iam

225 4023 281 4084 vix
305 4021 518 4104 cognoscitur.

268 4135 343 4199 Alia
365 4134 465 4196 huius
488 4129 733 4215 significationis
757 4128 905 4213 exempla
928 4128 1013 4211 apud
1034 4127 1284 4196 Demosthenem
1305 4131 1399 4196 hube-

226 4267 299 4312 mus
333 4247 379 4332 (9,
403 4246 455 4331 2);
482 4242 589 4309 πολλὰ
613 4244 668 4322 μὲν
694 4240 762 4316 ἴσως
785 4241 865 4307 ἐστὶν
888 4239 976 4306 αἴτια
1001 4245 1052 4306 τοῦ
1077 4243 1164 4307 ταῦθ’
1189 4241 1281 4318 οὕτως
1304 4242 1398 4324 ἔχειν,

225 4360 277 4424 καὶ
301 4361 333 4425 οὐ
358 4359 429 4439 παρ’
455 4355 484 4422 ἓν
508 4357 573 4422 οὐδὲ
597 4355 647 4421 δύο
671 4357 713 4431 εἷς
733 4360 820 4422 τοῦτο
841 4354 882 4420 πα
895 4354 1058 4436 πράγματ’
1072 4356 1220 4437 αφῑκταν,
1240 4357 1308 4442 (21,
1322 4357 1396 4442 96);

225 4475 278 4539 καὶ
302 4477 405 4539 ταῦτα
429 4472 573 4538 πέπονθεν
597 4472 656 4536 ὑπὸ
679 4469 803 4536 Μειδίαν
827 4468 879 4534 καὶ
903 4472 956 4533 τοῦ
977 4469 1102 4534 Μειδίου
1124 4469 1258 4536 πλούτου
1278 4470 1399 4546 καὶτῆς
