3400 5212
799 546 841 608 85

283 729 309 794 b.
333 730 354 793 d
367 731 378 792 i
391 750 407 795 s
418 749 436 794 c
449 749 467 794 e
478 749 501 794 n
514 731 557 794 di
580 730 829 816 significatione:

224 875 227 880 ¹
279 844 333 926 47,
355 845 385 926 3,
409 845 445 908 3:
471 842 503 907 τὸ
527 840 620 908 αἴτιον
634 891 662 908 ..
679 894 708 910 ..
733 842 799 908 οὔτε
822 844 891 924 παρ’
913 844 1007 924 ἑτέρου
1026 845 1103 916 τινὸς
1123 846 1228 922 μαθεῖν
1239 843 1299 909 οὔτ’
1315 846 1405 918 αὐτὸς

233 955 323 1036 εὑρεῖν
345 957 495 1031 ἠδυνήθην,

279 1073 330 1154 62,
354 1073 384 1155 6,
408 1074 444 1136 2:
468 1073 556 1135 ταῦτ’
580 1069 634 1144 ἤδη
659 1071 740 1151 παρά
765 1075 823 1136 τῶν
848 1070 999 1148 Ῥωμαίων
1023 1073 1256 1150 μεμαθήκαμεν,

280 1186 330 1268 78,
354 1187 383 1270 6,
407 1188 445 1250 3;
472 1184 642 1262 ἐμάθομεν.
659 1235 665 1249 .
680 1235 710 1252 ..
733 1185 765 1249 τὸ
788 1190 845 1250 τῶν
867 1184 1039 1267 φαρμάκων
1062 1186 1144 1267 παρά
1168 1191 1220 1251 τοῖν
1244 1186 1405 1267 Μακρίνου,

276 1299 314 1363 fr.
337 1300 390 1382 40,
412 1301 471 1362 31:
495 1298 576 1363 οὐδὲν
598 1300 695 1362 αὐτῶν
718 1300 813 1364 δεῖται
837 1301 906 1381 παρ’
933 1303 1016 1378 ἡμῶν
1040 1302 1154 1377 μαθεῖν,

278 1413 330 1494 40,
355 1414 383 1496 7,
407 1415 445 1477 2;
469 1411 523 1476 καί
542 1436 610 1476 τινα
632 1410 683 1476 καὶ
707 1412 788 1494 παρά
811 1418 866 1486 τῶν
889 1414 1099 1492 αἰχμαλώτων
1121 1412 1232 1490 μαθών,

278 1527 329 1607 79,
354 1527 404 1609 15,
430 1527 463 1590 1:
489 1526 557 1606 παρ’
582 1522 615 1590 οὗ
637 1525 689 1590 καὶ
712 1525 934 1605 ἁρματηλατεῖν
958 1525 1073 1604 ἔμαθεν.

276 1639 433 1704 Videmus
460 1641 569 1724 igitur,
592 1640 743 1704 omnibus
766 1641 853 1706 hisce
878 1642 1035 1726 exemplis
1058 1643 1242 1725 perspectis,
1266 1639 1403 1706 Dionem

232 1753 400 1818 adamasse
427 1755 693 1838 praepositionem
714 1753 796 1835 παρά
828 1754 926 1820 verbo
951 1753 1108 1832 μανθάνειν
1130 1755 1312 1819 adiunctam
1338 1774 1403 1818 non

232 1869 340 1932 minus
364 1888 461 1952 quam
485 1873 607 1933 ceteros
632 1869 802 1952 scriptores
827 1870 980 1953 quiante
1004 1889 1078 1934 eum
1105 1870 1254 1933 vixerint.

275 2092 413 2156 Prorsus
443 2093 535 2157 aliter
558 2113 609 2158 res
632 2111 667 2158 se
691 2094 785 2159 habet
806 2096 840 2157 in
865 2093 964 2159 verbo
988 2093 1179 2158 πυνθάνεσθαι
1205 2095 1292 2179 quod
1316 2095 1402 2178 apud

231 2203 429 2271 Herodotum
466 2208 594 2290 saepius
628 2209 894 2291 praepositionem
925 2208 1008 2288 παρὰ
1039 2210 1218 2273 adsciscere
1253 2209 1401 2273 videmus

231 2319 272 2402 (l,
298 2320 382 2399 163,
406 2321 436 2401 2,
473 2321 529 2400 19,
566 2323 596 2402 2,
630 2322 687 2400 49,
725 2323 754 2404 2,
783 2322 842 2400 50,
866 2324 896 2404 2,
920 2323 978 2402 86,
1004 2324 1033 2402 2,
1059 2323 1119 2401 91,
1146 2325 1176 2404 3,
1201 2323 1258 2404 12,
1285 2324 1314 2404 3,
1339 2323 1398 2402 68,

230 2432 261 2516 4,
298 2434 377 2514 152,
415 2435 443 2516 7,
476 2434 555 2514 191,
590 2436 618 2515 7,
652 2435 733 2497 183;
764 2433 846 2512 παρά
877 2439 990 2515 πυρσῶν
1022 2434 1214 2500 πυνθάνονται
1242 2457 1305 2501 uno
1330 2439 1399 2501 loco

231 2566 294 2630 quo
329 2548 415 2632 apud
449 2546 648 2612 Herodotum
673 2550 865 2632 praepositio
890 2548 974 2628 παρά
1000 2569 1073 2613 cum
1096 2551 1239 2634 genitivo
1263 2553 1309 2615 rei
1332 2553 1400 2615 ina-

229 2661 335 2725 nimae
358 2664 506 2744 cccurrit,
530 2663 570 2726 de
593 2682 658 2746 quo
681 2662 751 2726 loco
770 2664 833 2726 iam
853 2663 997 2727 diximus
1017 2664 1049 2726 in
1064 2665 1260 2748 paragrapho
1273 2667 1400 2749 prima),

230 2776 357 2858 saepius
393 2795 522 2860 quoque
553 2777 638 2859 apud
654 2777 749 2841 alios
783 2779 962 2860 scriptores
997 2797 1022 2842 e.
1046 2799 1075 2860 g.
1109 2779 1195 2862 apud
1225 2779 1399 2844 Isocratem

230 2889 295 2970 (12,
329 2889 412 2969 267,
447 2890 496 2972 17,
529 2890 586 2969 15,
620 2891 937 2972 5,155,12,155,
966 2892 1016 2974 12,
1039 2893 1132 2973 221),
1157 2892 1241 2975 apud
1266 2891 1399 2957 Demos-

228 3002 355 3067 thenem
382 3003 447 3085 (51,
471 3004 530 3083 21,
554 3004 607 3086 49,
633 3005 690 3083 13,
717 3005 767 3085 19,
792 3004 873 3084 319,
896 3006 948 3087 22,
970 3005 1032 3086 10),
1052 3005 1139 3088 apud
1150 3003 1398 3089 Xenophontem

228 3113 310 3196 (Oyr.
334 3117 364 3196 4,
391 3116 419 3196 1,
442 3118 478 3196 2,
507 3118 534 3199 1,
558 3118 587 3198 6,
611 3119 672 3197 23,
699 3119 726 3200 1,
751 3118 781 3198 6,
807 3119 868 3199 19),
891 3119 978 3203 apud
1001 3118 1167 3183 Platonem
1193 3139 1261 3202 pag.
1275 3119 1398 3200 4768,

227 3248 296 3311 pag.
324 3229 385 3294 179
409 3229 461 3313 Ε),
482 3231 567 3314 apud
589 3229 735 3324 Cassium
755 3236 862 3295 tamen
875 3232 924 3296 bis
937 3237 1061 3296 tantum
1075 3234 1271 3314 invenimus,
1283 3253 1399 3317 nempe

228 3341 279 3423 38,
314 3344 365 3424 37,
401 3346 437 3407 2;
470 3342 561 3406 πλείω
585 3342 644 3423 γάρ
666 3341 794 3423 θον-παρ’
816 3344 897 3421 ὑμῶν
917 3343 977 3427 ἰδία
1000 3344 1051 3408 καὶ
1074 3342 1221 3418 πολλάκις
1245 3344 1398 3419 άκοάοντες

227 3454 307 3518 αὐτά
341 3457 517 3535 θιφελνθεῑεν
551 3455 567 3531 ἢ
599 3457 668 3537 παρ’
693 3458 765 3534 ἐμοῦ
787 3453 877 3532 άπαξ
899 3457 1062 3535 πυθόμενοι,
1089 3461 1139 3531 79,
1165 3461 1193 3540 7,
1215 3460 1252 3522 4:
1277 3458 1318 3523 τά
1341 3464 1397 3523 τῶν

228 3567 346 3632 ἰδιωτῶν
380 3569 448 3650 παρ’
480 3569 586 3649 άνδρῶν
607 3566 788 3644 άξιοπθοτων
813 3555 981 3647 πυθάμενοξ.
1008 3569 1099 3646 Quod
1124 3572 1164 3634 ad
1188 3574 1395 3654 posteriorem

226 3685 338 3749 attinet
373 3685 488 3768 locum,
523 3687 724 3750 coniecturae
755 3684 889 3750 debetur
912 3684 1104 3749 vocabulum
1129 3683 1295 3763 πυθόμενος,
1320 3707 1395 3771 sup·

225 3798 325 3880 plevit
359 3799 444 3862 enim
478 3798 645 3863 Bekkcrus
676 3799 797 3863 litteras
830 3821 887 3861 τν-
911 3801 956 3863 ita
980 3805 1017 3862 ut
1040 3801 1096 3861 vix
1117 3799 1286 3864 laudemus
1309 3801 1396 3864 hunc

224 3911 331 3975 locum
356 3916 520 3996 tamquam
544 3913 730 3996 exemplum
756 3911 847 3977 verbi
860 3910 1072 3992 πυνθάνεσθαι,
1086 3916 1185 3976 restat
1197 3913 1285 3996 prior
1296 3913 1396 3996 locus,

226 4023 282 4088 ubi
306 4027 340 4088 ni
363 4025 456 4089 fallor
479 4028 670 4111 praepositio
696 4025 779 4106 παρά
802 4032 956 4110 usurpata
976 4031 1024 4090 est
1043 4027 1268 4090 concinnitatis
1288 4028 1394 4090 cuius-

225 4139 298 4202 dam
340 4140 451 4224 gratia,
488 4145 524 4204 ut
565 4158 639 4204 oum
678 4140 877 4205 antecedenti
912 4140 1147 4224 praepositione
1182 4139 1262 4220 capot
1298 4139 1395 4204 verbo

223 4249 376 4325 άκοθοντες
410 4253 517 4317 addita
539 4255 653 4331 iterata
676 4255 868 4338 praepositio
893 4258 1091 4338 congrueret.
1117 4253 1263 4318 Statuere
1285 4253 1395 4337 itaque

224 4366 302 4429 mihi
325 4385 419 4451 posse
443 4368 591 4432 videmur
614 4366 761 4432 Cassium
774 4368 813 4432 de
824 4368 985 4432 industria
997 4370 1116 4432 vitasse
1128 4369 1394 4452 praepositionem

226 4479 403 4561 παράσιτοι
424 4481 522 4548 verbo
543 4479 737 4545 certioratur
757 4483 961 4546 coniunctam
981 4482 1032 4546 vel
1051 4484 1160 4567 potius
1180 4480 1315 4545 Dionem
1338 4500 1393 4565 pro
