3378 5212
827 510 890 575 110

319 700 372 783 38,
397 701 450 784 37,
475 701 511 765 2:
539 696 573 764 ἵν’
593 699 681 765 αὐτοὶ
702 698 903 780 βεβαιοτέραν
923 701 957 763 ἐκ
979 703 1036 764 σῦν
1049 701 1120 780 παρ’
1135 702 1208 779 ε’μοῦ
1232 698 1372 778 λόγοιν
1395 697 1449 771 τὴν

274 811 347 892 ὑπὲρ
381 821 437 888 τῆς
473 813 618 894 πατρίδος
649 811 815 893 προθυμίαν
849 813 1009 888 ποιήσησθε
1034 817 1110 898 (quo
1135 815 1205 879 loco
1230 815 1255 878 οῖ
1281 814 1351 894 παρ’
1376 815 1449 891 ἐμοῦ

273 925 356 1002 λόγοι
379 927 465 992 idem
489 927 596 993 valent
619 933 716 1011 atque
740 925 781 990 τόν
805 926 878 1007 παρ’
903 926 975 1004 ε’μοῦ
999 926 1150 1004 λεγόμενα
1174 946 1213 991 eo
1236 946 1356 1011 quaen
1378 945 1449 990 mea

272 1046 359 1123 parte
384 1041 555 1119 dicuntur).
585 1039 639 1104 Sio
661 1040 747 1123 apud
771 1039 971 1104 Herodotum
994 1040 1038 1123 (6,
1051 1041 1104 1120 54)
1117 1041 1273 1124 legimus:
1288 1040 1325 1112 ὡς
1338 1037 1351 1102 ό
1365 1038 1448 1119 παρὰ

271 1151 401 1233 Περσέων
436 1151 524 1231 λόγος
548 1131 687 1230 λέγεται,
711 1153 757 1237 (8,
782 1153 856 1238 55);
882 1151 925 1216 τόν
949 1151 1037 1231 λόγος
1062 1153 1134 1233 παρ’
1159 1152 1319 1226 Ἀθηναίων
1342 1161 1448 1218 Ποσει-

271 1263 362 1329 δέωνοί
396 1265 443 1330 σε’
466 1265 517 1330 καῖ
551 1265 730 1339 Ἀόηνοιίνν.
748 1313 755 1328 .
772 1315 800 1330 ..
834 1263 984 1346 μαρτύρια
1010 1265 1118 1329 όὲσόαι.
1143 1266 1233 1331 Idem
1260 1267 1327 1332 fere
1349 1265 1448 1332 Isoor.

274 1380 326 1463 10,
364 1381 422 1443 19:
458 1380 507 1443 τόν
528 1378 665 1459 χρησμόν
689 1379 738 1442 τόν
762 1375 846 1459 παρὰ
869 1384 925 1451 τῆς
947 1378 1068 1452 Πνόίας.

315 1492 416 1557 Aliud
451 1498 499 1558 est
533 1492 771 1558 substantivum
805 1510 922 1575 nempe
956 1491 1072 1556 ἐντολαὶ
1108 1494 1194 1576 quod
1217 1494 1328 1558 eodem
1354 1496 1448 1559 modo

271 1609 400 1671 tractari
423 1612 545 1690 potest3
570 1607 708 1690 legimus
732 1606 787 1689 46,
813 1607 864 1690 19,
901 1606 938 1670 5;
972 1603 1030 1678 σόος
1065 1605 1255 1680 ε’ντολόος
1285 1606 1344 1681 τοῖς
1365 1607 1449 1689 παρὰ

270 1723 322 1784 τοῦ
358 1719 453 1802 δήμου
487 1718 676 1784 συνέπλασεν
711 1719 852 1800 (affinxit
888 1720 1038 1783 mandato
1072 1739 1091 1783 a
1125 1721 1245 1804 populo
1277 1722 1367 1802 doto;
1392 1722 1449 1786 ubi

271 1834 463 1899 vocobulum
503 1833 627 1906 ε’ντολόις
660 1835 814 1919 explicari
848 1839 953 1918 potest
988 1831 1030 1897 τοῦ
1064 1832 1264 1912 ε’ντελλόμενα
1299 1836 1368 1900 sive
1406 1835 1448 1901 τῦ

270 1948 505 2030 ἐντεταλμένα),
530 1949 568 2012 of.
592 1948 704 2030 Polyb.
730 1951 760 2032 3,
788 1949 862 2032 106,
887 1949 923 2011 9;
948 1947 981 2012 αἱ
1006 1947 1090 2028 παρα
1109 1946 1447 2015 τῦνῦποότωνὲντολαί.

314 2064 440 2131 Deinde
475 2068 649 2128 occurrunt
679 2063 828 2146 exempla
859 2061 915 2126 ubi
939 2061 1142 2126 substantiva
1164 2082 1230 2126 non
1252 2065 1450 2148 respondent

272 2177 380 2243 verbis
416 2195 499 2261 quae
530 2196 604 2241 enm
635 2177 870 2260 praepositione
893 2173 976 2255 παρὰ
998 2177 1152 2260 coniungi
1176 2178 1289 2260 solent,
1313 2197 1447 2264 nempe:

315 2290 486 2356 εῦνοιαε
514 2291 552 2356 fr.
578 2293 631 2376 68,
655 2293 693 2355 3:
718 2290 773 2365 τὴν
797 2289 882 2369 παρὰ
905 2293 963 2354 τῶν
986 2288 1138 2367 Ῥωμαίων
1162 2288 1274 2355 εὔνοιαν
1300 2291 1447 2370 βεβαιοῦ-

271 2428 364 2484 μενοι,
396 2406 450 2488 48,
477 2406 529 2489 11,
556 2407 590 2469 1:
616 2414 654 2485 τῇ
680 2402 765 2484 παρόν
788 2406 845 2467 τῦν
868 2401 972 2468 όιλλοιν
996 2402 1093 2486 εὐνοία
1118 2403 1197 2468 πολὺ
1220 2405 1320 2470 αὐτῶν
1343 2409 1442 2480 ἠλατ-

271 2523 369 2592 τοῦτο,
406 2520 460 2602 60,
492 2521 546 2603 31,
578 2521 616 2583 2;
657 2519 838 2598 ε’ρνμιοόεῖσα
871 2525 926 2592 τῆς
966 2517 1037 2598 παρ’
1062 2518 1160 2582 αὐτῶν
1184 2517 1297 2591 εὐνοίας
1318 2519 1444 2600 ε’φόοόρν,

269 2634 306 2697 fr.
332 2633 386 2716 55,
411 2633 448 2696 8:
473 2631 527 2706 τὴν
552 2629 637 2712 παρόν
660 2634 717 2695 τῶν
741 2630 808 2695 όεῶν
828 2628 939 2695 εὔνοιαν
958 2632 1044 2716 (opp.
1065 2631 1118 2704 τὴν
1131 2631 1284 2712 παρόιτῦν
1297 2633 1447 2713 οῖνόρόπισν

270 2741 426 2831 εὐδοξίαν).
446 2745 580 2830 Saepius
604 2748 744 2810 ooourrit
768 2746 852 2829 apud
876 2746 1075 2829 antiquiores
1095 2746 1173 2810 haee
1195 2746 1315 2811 locutio
1336 2748 1446 2829 (Isoor.

273 2861 303 2943 1,
328 2861 388 2941 36,
414 2861 445 2943 5,
471 2861 530 2940 68;
556 2860 587 2942 5,
614 2861 694 2939 136,
719 2857 810 2923 Dom.
837 2859 929 2942 18,3
955 2879 1037 2940 e.o.;
1062 2857 1146 2924 Xon.
1170 2858 1264 2948 Mem.
1289 2863 1320 2944 2,
1341 2862 1447 2945 2,12;

272 2973 372 3037 Hiero
397 2975 428 3058 6,
452 2973 496 3058 3).
905 3057 908 3068 ἱ

315 3086 446 3165 σιμός
483 3089 537 3171 36,
569 3088 623 3171 25,
656 3089 691 3150 1:
733 3095 789 3162 τῆς
814 3087 885 3166 παρ’
913 3085 994 3164 ὑμῶν
1019 3095 1113 3165 τιμῆς
1137 3087 1369 3161 ἀπολελαυκώς,
1393 3090 1446 3173 52,

270 3202 301 3284 4,
325 3201 361 3265 5:
387 3206 456 3274 ταῖς
479 3207 587 3278 τιμαῖς
610 3207 680 3274 ταῖς
704 3199 789 3280 παρὰ
811 3203 869 3264 τῶν
892 3197 1045 3278 ὁμοτίμων
1067 3199 1216 3281 χαίρουσι,
1250 3202 1303 3285 52,
1328 3202 1382 3285 35,
1407 3204 1444 3266 2;

270 3312 379 3393 κόσμον
403 3316 419 3390 ἡ
443 3313 525 3394 παρὰ
547 3317 598 3379 σοῦ
621 3315 697 3392 τιμὴ
723 3312 818 3395 φέρει,
853 3315 906 3397 53,
926 3316 980 3398 23,
1002 3314 1040 3378 43
1062 3320 1132 3388 ταῖς
1145 3315 1217 3394 παρ’
1230 3315 1324 3378 αὐτοῦ
1339 3321 1447 3393 τιμαῖς

270 3430 393 3510 ἐχρῆτο,
430 3429 483 3512 54,
508 3429 563 3513 29,
587 3430 623 3492 2;
657 3430 760 3492 ποῦσαν
779 3428 835 3502 τὴν
859 3427 930 3509 παρ’
956 3425 1066 3492 εἀείνον
1089 3428 1141 3492 καὶ
1165 3429 1258 3506 τιμὴν
1281 3428 1334 3493 καὶ
1358 3427 1446 3492 δόνα-

270 3566 411 3621 μιν....
446 3541 606 3616 ἀνήλισκεν
640 3541 850 3626 (quibuscum
887 3543 1102 3627 comparanda
1126 3548 1219 3608 sunt:
1244 3542 1328 3607 Xen.
1354 3541 1448 3608 Mem.

273 3658 302 3739 1,
327 3658 358 3740 3,
382 3658 419 3720 3:
451 3662 521 3730 ταῖς
547 3655 630 3736 παρόν
653 3659 710 3721 τῶν
733 3654 962 3734 εὐσεβεστάτων
985 3661 1104 3734 τιμαῖς,
1129 3656 1228 3722 Hiero
1251 3659 1281 3740 7,
1303 3659 1340 3739 63
1355 3657 1386 3739 8,
1401 3657 1445 3742 3).

270 3770 354 3835 Aliis
377 3770 455 3835 loeis
478 3769 662 3855 Xenophon
686 3771 955 3854 praepositionem
980 3769 1040 3833 ὑπὸ
1051 3771 1096 3833 ita
1108 3771 1278 3854 usurpavit
1290 3789 1316 3835 e.
1327 3791 1358 3855 g.
1371 3769 1446 3852 Gyr.

271 3885 303 3968 3,
334 3885 366 3966 3,
398 3885 436 3948 2:
465 3893 503 3965 τῇ
536 3884 594 3948 ὑπὸ
619 3881 737 3949 πόντων
761 3891 849 3964 τιμῇ.
874 3882 965 3947 Plato
990 3902 1121 3967 quoque
1145 3885 1192 3948 sio
1215 3884 1310 3949 habet
1333 3883 1446 3969 (Oonv.

270 4019 299 4082 p.
324 3999 389 4063 216
414 3997 470 4083 C):
502 4006 557 4073 τῆς
581 4006 673 4076 σιμοῖς
696 4006 751 4073 τῆς
778 3997 836 4060 ὑπὸ
859 3999 916 4060 σῦν
941 3999 1073 4067 πολλῶν,
1098 3997 1218 4081 quibus
1241 3999 1321 4063 loeis
1344 4001 1447 4083 magis

271 4116 412 4197 cogitant
446 4113 616 4196 scriptores
651 4112 690 4176 de
724 4113 850 4175 actione
876 4110 1011 4193 colendi,
1035 4129 1118 4193 quoe
1140 4131 1159 4174 a
1183 4111 1378 4195 quibusdam
1401 4111 1445 4175 fit.

317 4222 444 4299 δόξαι
478 4225 531 4309 54,
556 4226 610 4308 34,
635 4226 671 4288 5;
696 4231 733 4305 τῇ
759 4221 845 4304 παρόν
868 4227 920 4288 τοῦ
945 4224 1008 4288 όεοῦ
1029 4220 1108 4297 δόξ.
1134 4223 1170 4288 of.
1195 4223 1281 4288 Plut.
1303 4226 1384 4309 Agis
1408 4226 1444 4288 2;

271 4339 325 4412 τὴν
353 4361 387 4401 π.
416 4342 536 4402 πολλῶν
559 4335 658 4413 δόξαν.

320 4448 448 4526 εῦδοξ
461 4451 523 4515 ίατ
559 4452 596 4517 fr.
630 4452 684 4536 55,
719 4452 755 4515 8:
781 4449 835 4524 rito
859 4449 942 4531 παρὰ
965 4455 1022 4514 τῶν
1044 4451 1199 4532 ἀνθρώπων
1222 4447 1365 4526 εὐδοξίαν.
1385 4449 1446 4516 De·

687 4760 805 4848 ..ιι
