3400 5212
821 501 863 563 74

255 688 351 770 398);
388 685 474 751 δίκαν
508 686 533 750 δ’
570 684 604 762 ἐξ
641 685 750 751 ἀδίκων
784 687 909 752 ἀπαιτῶ
945 687 1050 770 habet,
1085 687 1140 752 nbi
1175 687 1368 772 praepositio
1393 687 1426 750 ἐκ

254 802 452 885 exquisitius
475 800 617 865 adhibita
640 806 696 866 est.

295 916 437 999 Apparet
470 915 581 999 igitur,
617 915 651 978 ni
684 914 786 997 fallor,
808 917 1076 1000 praepositionem
1102 912 1187 994 παρὰ
1209 917 1316 978 rarius
1339 913 1425 999 apud

250 1030 449 1112 antiquiores
472 1029 643 1112 scriptores
665 1028 804 1093 additam
831 1048 901 1094 esse
925 1027 1022 1093 verbo
1045 1029 1198 1100 ἀπαιτεῖν,
1223 1032 1334 1092 contra
1357 1046 1425 1092 sae-

250 1143 383 1226 pissime
417 1159 585 1206 occurrere
621 1141 702 1206 duos
737 1143 947 1235 accusativos.
978 1140 1009 1205 Ν
1011 1161 1075 1205 unc
1106 1141 1252 1206 Cassium
1276 1145 1424 1204 nostrum

249 1255 469 1338 inspiciamus,
496 1259 530 1319 ut
554 1254 723 1320 videamus
748 1260 945 1340 quantopere
968 1255 1027 1319 hac
1050 1257 1084 1318 in
1108 1273 1143 1320 re
1165 1255 1318 1319 aceteris
1338 1253 1426 1319 diffe-

251 1374 300 1434 rat
324 1367 544 1453 scriptoribus.

295 1480 401 1546 Semel
424 1485 548 1546 tantum
574 1482 661 1567 apud
685 1479 821 1546 Dionem
846 1481 927 1568 duos
950 1483 1061 1546 inveni
1081 1483 1282 1546 accusativos
1301 1482 1427 1546 additos

252 1595 351 1661 verbo
375 1596 529 1668 ἀπαιτεῖν,
554 1614 670 1679 nempe
695 1594 747 1677 38,
771 1597 821 1675 34,
846 1598 882 1658 5:
908 1593 978 1668 τοὺς
998 1593 1121 1674 ὄμῄρους
1143 1594 1301 1675 ἀπῄτησεν
1325 1591 1425 1665 αὐτόν,

252 1708 309 1774 sed
333 1711 519 1793 saepissime
543 1709 809 1792 praepositionem
835 1706 920 1788 παρά
939 1708 1115 1773 adhibitam
1128 1708 1336 1789 videmus;hi
1349 1714 1427 1771 sunt

254 1842 336 1905 quos
360 1824 470 1887 inveni
494 1823 573 1887 loci:

295 1935 332 1999 fr.
359 1938 387 2018 5,
410 1938 449 2000 4:
474 1936 499 2000 οἱ
525 1958 558 1999 π.
584 1939 641 2000 τῶν
665 1935 835 2016 κρειττόνων
858 1935 1163 2009 resisteremus.

297 2049 333 2113 fr.
359 2051 410 2133 54,
434 2053 471 2113 8:
497 2047 585 2114 πάν1’
608 2046 664 2114 ὅσα
688 2050 802 2128 ἀπῄτει
828 2073 863 2112 π.
887 2050 995 2114 αὐτῶν.

295 2163 333 2226 1r.
358 2164 409 2244 57,
433 2165 495 2227 31:
521 2187 556 2227 τ.
582 2167 639 2228 τῶν
663 2162 836 2244 ἀρχομένων
859 2164 891 2226 οὐ
917 2163 1021 2228 πάντα
1035 2213 1042 2228 .
1057 2209 1064 2226 .
1079 2211 1108 2228 ..
1132 2163 1257 2244 ἀπῄτει.

296 2279 348 2358 48,
373 2278 424 2361 30,
449 2281 484 2340 23
509 2277 646 2356 ἀπῄτουν
670 2301 705 2340 π.
731 2278 824 2341 αὐτοῦ
848 2275 890 2342 τα
915 2278 1075 2358 χρήματα.

299 2393 349 2473 63,
375 2393 425 2474 lt,
451 2393 486 2454 l:
512 2389 662 2471 μυριάδας
685 2415 719 2454 π.
745 2392 844 2456 αὐτῶν
867 2391 1034 2471 ἀπῄτησεν.

298 2505 364 2588 (71,
398 2506 446 2586 12,
479 2507 515 2567 2;
551 2505 701 2585 χρήματα
727 2528 761 2568 π.
786 2505 878 2569 αὐτοῦ
904 2504 1013 2583 λαβεῖν
1037 2503 1089 2568 καὶ
1115 2504 1216 2586 χώραν
1239 2505 1424 2577 ἀπαιτῆσαι,

253 2618 311 2682 ubi
335 2620 528 2703 praepositio
552 2616 638 2698 rapta
659 2619 699 2682 ad
723 2624 898 2703 utrumque
921 2618 1055 2684 verbum
1078 2618 1187 2696 λαβεῖν
1207 2625 1241 2696 et
1250 2619 1424 2692 ἀπαιτῆσαι

253 2733 413 2816 pertinere
437 2732 586 2815 videtur)

300 2845 353 2927 39,
378 2845 428 2927 12,
453 2847 489 2907 2;
514 2843 568 2917 τὴν
592 2843 708 2924 Κύπρον
733 2843 909 2920 ἀπαιτῆσαι
935 2869 970 2909 π.
995 2849 1052 2910 τῶν
1078 2844 1239 2922 Ῥωμαίων.

298 2957 334 3022 fr.
364 2960 434 3040 111,
460 2960 496 3022 1:
522 2957 591 3032 τοὺς
614 2958 801 3037 αὐτομόλους
823 2960 985 3048 ἀπῄτησαν
1010 2984 1043 3023 π.
1069 2960 1176 3024 αὐτῶν.

298 3074 349 3154 58,
374 3074 402 3155 5,
429 3075 463 3136 3;
490 3071 532 3136 τά
556 3070 735 3151 δεξιώματα
760 3075 991 3155 (salutationes)
1016 3074 1182 3138 ἀπαιτοῦσι
1204 3073 1427 3152 madesmei,

253 3189 305 3269 23,
327 3189 363 3249 2;
389 3183 509 3258 εὐθύνας
534 3210 569 3249 π.
594 3188 693 3278 αὐτῶν
717 3185 769 3251 καὶ
794 3195 849 3262 τῄς
872 3185 975 3267 τύχης
997 3188 1219 3265 ἀπαιτῄσομεν.
1243 3190 1280 3253 fr.
1301 3191 1351 3268 57,
1365 3192 1423 3252 81;

253 3298 340 3377 λόγον
376 3300 514 3380 ἀπῄτουν
546 3323 580 3364 π.
615 3302 720 3374 αὐτοῦ,
754 3320 893 3386 quocum
920 3301 959 3366 cf.
982 3300 1072 3368 Dem.
1099 3305 1128 3384 8,
1152 3305 1211 3368 34:
1237 3301 1324 3379 λόγον
1345 3302 1426 3380 ὑμάς

251 3413 468 3488 ἀπαιτῄσειαν.

297 3527 453 3613 Sequitur
483 3528 620 3594 alterum
656 3530 870 3613 compositum
905 3525 1044 3603 ἐξαιτεῖν,
1081 3519 1174 3613 quod'
1203 3530 1300 3594 semel
1339 3530 1424 3615 apud

252 3643 400 3708 Cassium
425 3663 498 3708 cum
522 3644 759 3727 praepositione
783 3641 868 3723 παροδ
889 3644 1097 3708 coniunctum
1111 3644 1425 3724 occurrerevidetur,

251 3776 366 3841 nempe
389 3759 441 3838 68,
466 3759 517 3838 12,
542 3758 577 3818 4:
603 3755 654 3819 τὸν
677 3753 874 3835 ἀπελεύθερον
898 3779 933 3818 π.
953 3759 1004 3818 τοῦ
1028 3757 1177 3834 Τραϊανοῦ
1190 3752 1326 3835 ἕξῄτησε.
1341 3755 1422 3819 Cum

252 3872 320 3937 solo
333 3873 516 3936 accusativo
529 3888 684 3954 personae
696 3871 906 3934 coniunctum
919 3872 1048 3953 saepius
1060 3871 1197 3934 occurrit
1209 3870 1295 3954 apud
1307 3871 1426 3935 multos

254 3987 434 4068 scriptores,
466 4003 560 4068 quem
588 4004 683 4048 usum
706 3982 769 4047 Dio
793 4003 924 4067 quoque
947 3985 1055 4063 novit3
1082 4003 1156 4048 cum
1182 3983 1309 4048 duobus
1332 4004 1426 4048 aceu-

254 4099 366 4163 sativis
390 4099 519 4181 saepius
542 4098 628 4181 apud
649 4095 899 4162 Demosthenem
924 4096 964 4179 (e.
976 4117 1005 4180 g.
1020 4096 1072 4177 30,
1086 4097 1126 4160 35
1140 4119 1147 4176 3
1163 4099 1213 4178 29,
1230 4098 1286 4179 17,
1301 4101 1352 4178 46,
1366 4101 1402 4160 21
1415 4123 1421 4178 ;

254 4211 305 4292 59,
343 4211 418 4294 125)
453 4212 580 4296 legitur,
605 4231 767 4295 nusquam
793 4217 901 4275 tamen
926 4211 1010 4293 apud
1035 4210 1173 4275 eundem
1197 4230 1272 4274 cum
1295 4229 1425 4295 praepo·

254 4325 371 4388 sitione
406 4323 491 4403 παροδ
524 4327 558 4388 ni
588 4324 691 4407 fallor,
724 4326 788 4390 nisi
819 4324 900 4388 forte
924 4323 1065 4388 medium
1089 4342 1193 4406 genus
1216 4325 1425 4390 coniunctum

254 4457 328 4503 eum
365 4436 462 4502 verbo
498 4442 637 4517 arrepsit
669 4439 866 4522 excipimus3
891 4437 1029 4520 legimus
1052 4437 1137 4500 enim
1163 4437 1214 4518 21,
1238 4438 1318 4500 208;
1343 4434 1424 4512 ἐξαι-
