3378 5212
805 522 868 584 145

251 712 369 796 ἔχρισέν
406 737 439 776 σε
471 710 484 775 o‘
515 709 574 783 θεός
598 733 649 774 σου
674 707 773 773 ἔλοιιον
795 708 1011 787 ἀγαλλιάσεως
1034 730 1068 770 π.
1092 705 1162 778 τοὺς
1186 702 1338 784 μετόχους
1362 726 1422 775 σου,
1449 700 1452 706 ’

252 831 283 913 2,
308 830 344 893 7:
378 824 561 903 ἠλάττωσας
595 823 685 888 ἀύτὸν
719 821 826 903 βραχύ
862 846 893 887 τι
927 846 960 886 π.
997 819 1160 899 ἀγγέλους,
1196 824 1254 897 (vs.
1289 819 1337 896 9):
1374 815 1424 879 τὸν

253 938 358 1022 βροιχύ
382 963 413 1004 τι
439 962 473 1002 π.
497 936 651 1016 ἀγγέλους
675 935 916 1021 ἠλαττωμένον).

296 1055 384 1119 Idem
416 1053 482 1116 fere
505 1053 589 1115 valet
612 1053 646 1114 in
672 1053 750 1114 locis
774 1049 917 1131 Dioneis,
941 1049 997 1113 ubi
1020 1049 1201 1112 locutiones
1225 1068 1260 1107 π.
1286 1041 1422 1122 δύνομιν,

254 1192 288 1231 π.
312 1167 364 1240 τὴν
389 1164 478 1245 ἰσχύν
502 1172 676 1229 occurrunt
699 1163 931 1248 significatione
958 1183 1074 1246 ,supra
1098 1163 1192 1244 vires,
1211 1133 1312 1243 magis
1326 1178 1423 1242 quam

253 1285 337 1346 vires
360 1278 558 1364 patiuntur”,
582 1297 715 1362 nempe:

297 1395 350 1478 44,
374 1396 428 1477 27,
452 1395 489 1458 3:
515 1391 623 1456 πολλοὶ
649 1389 803 1464 πολλάιιις
827 1387 880 1454 aui
905 1414 939 1454 π.
965 1390 1018 1463 τὴν
1043 1387 1134 1467 ἰσχὺν
1158 1384 1332 1466 ε’ποοῖροντοοι
1356 1384 1422 1448 διοι-

253 1507 426 1573 κινδυνεύειν
460 1508 570 1593 (multi
593 1526 688 1591 saepe
712 1509 807 1571 etiam
832 1507 918 1569 ultra
943 1525 1040 1588 quam
1065 1503 1179 1566 robore
1202 1520 1262 1565 suo
1288 1504 1425 1584 possunt

252 1623 435 1687 decertandi
459 1622 565 1686 studio
588 1619 747 1704 flagrant),
772 1639 836 1703 quo
861 1620 930 1682 loeo
954 1619 1049 1702 paulo
1074 1622 1147 1680 ante
1168 1616 1308 1679 occurrit
1328 1634 1424 1694 syno-

252 1756 350 1818 nyma
374 1737 494 1800 locutio
519 1735 593 1814 ὑπὲρ
617 1732 753 1811 δάνοιμιν.

296 1850 333 1913 fr.
364 1850 418 1932 20,
450 1849 488 1912 4:
512 1854 575 1920 τοῖς
599 1845 751 1911 ὑπείκουσι
776 1845 828 1911 aori
854 1870 887 1910 π.
913 1843 1039 1923 δύνωμιν
1063 1824 1273 1924 ἀνθυπουργεῖν
1298 1842 1425 1924 (ceden-

252 1962 339 2028 tibus
359 1962 529 2046 indulgere
552 1964 646 2026 etiam
671 1981 768 2045 supra
792 1963 886 2042 vires,
910 1961 1114 2043 ultraquam
1140 1961 1223 2022 vires
1248 1959 1380 2037 sinunt).

297 2076 334 2140 fr.
359 2076 412 2159 43,
440 2077 497 2139 19:
521 2077 577 2138 τῶν
602 2079 724 2139 πολλῶν
747 2073 789 2138 τά
813 2073 948 2155 σφέτεροι
972 2071 1025 2137 aori
1051 2097 1085 2137 π.
1111 2071 1237 2148 δυ’νοιμιν
1262 2084 1423 2151 περιστελ-

255 2189 363 2255 λόντων
388 2190 564 2273 (plerisque
586 2209 638 2253 res
662 2208 737 2254 suas
760 2190 856 2252 etiam
881 2207 979 2271 supra
1003 2189 1090 2251 vires
1113 2184 1302 2263 tuentibus).
1325 2249 1327 2254 ,

298 2305 351 2387 52,
386 2304 440 2386 37,
475 2305 512 2367 9:
547 2300 747 2382 ε’κβιάζεσάοιῖ
779 2325 864 2374 τινοος
898 2300 914 2375 ἢ
952 2297 1068 2380 πράξοοῖ
1102 2324 1133 2364 τι
1167 2288 1363 2374 ἣάνοιλιῖσιιι
1389 2320 1423 2360 π.

253 2417 379 2495 δύνομιν
402 2418 565 2496 ἐπιχειρεῖν
589 2416 730 2502 (aliquos
755 2435 867 2500 eogere
890 2417 998 2479 conari
1024 2421 1060 2479 ut
1082 2415 1207 2498 aliquid
1227 2414 1313 2477 ultra
1324 2412 1425 2476 facul·

252 2539 333 2597 tates
357 2552 433 2596 suas
456 2540 552 2616 agant
574 2531 625 2596 vel
648 2529 862 2615 impendant).
1130 2539 1132 2544 “

300 2647 352 2729 74,
378 2647 408 2729 i,
434 2646 469 2709 7:
495 2641 573 2718 οοάτν
596 2645 613 2717 ἡ
639 2641 883 2724 aseraule...
908 2642 978 2736 τοὺς
1001 2643 1057 2721 μὲν
1080 2640 1132 2706 κοιῖ
1158 2641 1232 2721 ὑπὲρ
1256 2642 1309 2715 τὴν
1334 2639 1425 2719 ἰσχὺν
1508 2721 1509 2724 ¹

254 2758 407 2839 ἐπέρρωσε,
443 2757 510 2831 τοὺς
545 2758 577 2821 δὲ
612 2757 664 2822 uoti
701 2781 734 2821 π.
771 2755 825 2829 τὴν
860 2754 987 2834 δάνοιμιν
1022 2753 1205 2838 ἐξεφόβησε.
1241 2755 1282 2838 (is
1316 2774 1424 2818 rerum

254 2893 435 2938 casus...
471 2873 545 2936 illos
580 2872 658 2936 adeo
694 2892 791 2955 supra
826 2869 953 2935 virium
978 2871 1108 2934 modum
1134 2869 1345 2951 confirmavit,
1368 2869 1426 2932 hos

255 2987 339 3050 ultra
370 3007 465 3070 quam
492 2987 576 3050 vires
599 2986 767 3050 admittere
792 2985 985 3049 videbantur
1005 2983 1243 3069 perterrefecit),
1268 3003 1332 3067 quo
1355 2983 1425 3047 loeo

254 3101 433 3164 locutiones
457 3101 567 3166 eadem
591 3099 825 3184 significatione
848 3100 1009 3184 praeditae
1036 3097 1131 3184 (ὑπὲρ
1155 3098 1210 3173 τὴν
1230 3095 1374 3176 ἱσρςὺν-
1390 3119 1424 3159 π.

255 3215 309 3289 τὴν
332 3212 477 3298 δύνομιν)
503 3215 596 3278 iuxta
619 3217 799 3298 sepositae
823 3220 1006 3278 occurrunt.

299 3328 369 3393 Hae
403 3347 534 3412 quoque
566 3329 598 3390 in
634 3347 668 3392 re
699 3329 842 3393 imitatus
865 3347 936 3392 esse
961 3329 1089 3391 videtur
1111 3325 1173 3390 Dio
1195 3324 1425 3406 Thucydidem,

257 3445 313 3527 qui
344 3443 510 3506 nonnuliis
540 3442 619 3507 locis
643 3443 777 3507 eandem
801 3442 948 3506 adhibuit
972 3443 1166 3506 locutionem
1193 3437 1277 3518 ποιρά
1301 3436 1427 3514 δύνομιν

256 3559 299 3640 (l,
335 3558 387 3640 70,
423 3557 460 3636 33
496 3557 528 3639 3,
560 3557 613 3639 54,
643 3558 681 3637 43
715 3558 746 3640 3,
771 3558 824 3640 57,
850 3557 884 3636 4;
912 3557 943 3639 8,
967 3557 998 3638 2,
1020 3557 1060 3637 2),
1085 3555 1194 3618 eadem
1218 3559 1315 3637 atque
1339 3549 1425 3635 apud

257 3669 402 3735 Cassium
426 3670 665 3754 significatione.

299 3784 405 3848 Facile
441 3785 518 3849 haee
553 3785 743 3869 significatio
779 3785 1023 3869 praepositionis
1059 3783 1223 3846 derivatur
1255 3799 1298 3844 ex
1331 3779 1427 3843 locali

255 3899 489 3982 significatione
516 3899 689 3983 ,praeter’'.
1292 3966 1293 3970 ,

300 4012 339 4076 In
364 4011 456 4076 Novo
478 4012 613 4077 Testem.
639 4013 748 4094 (Hebr.
775 4015 827 4096 ll,
853 4014 906 4095 ll)
931 4013 1051 4076 dieitur
1073 4010 1150 4075 Sara
1175 4008 1279 4073 πίστει
1300 4006 1427 4085 δύναμιν

257 4124 299 4196 εἰς
322 4125 501 4203 κοοτοιβολίρν
525 4125 700 4206 σπέρμοοτος
723 4126 831 4204 λοιβεῖν
856 4125 907 4188 aui
932 4123 1016 4204 ποιρά
1035 4123 1266 4203 κοοιρὸνὴλικίοις
1281 4120 1426 4206 (τεκεῖν),

257 4241 367 4323 itaque
390 4242 550 4324 peperisse
574 4242 668 4304 etiam
694 4246 818 4323 praeter
841 4245 968 4323 tempus
991 4241 1114 4320 aetatis
1135 4240 1170 4303 id
1193 4245 1241 4302 est
1264 4256 1337 4300 oum
1362 4239 1425 4300 iam

258 4364 384 4437 tempus
408 4356 520 4418 aetatis
542 4360 776 4438 praetergressa
800 4360 891 4418 esset.
915 4353 954 4416 Iu
978 4355 1068 4436 epist.
1081 4354 1120 4417 ad
1133 4347 1377 4436 Romanos(l2,
1391 4347 1428 4436 3)

259 4468 445 4532 adhortatur
481 4468 592 4532 fratres
616 4467 738 4531 Paulus
762 4465 805 4544 μὴ
830 4466 1020 4547 ὑπερφρονεῖν
1045 4467 1116 4546 παρ’
1141 4463 1154 4530 ὃ
1179 4465 1226 4530 δεῖ
1246 4470 1371 4547 Φρονεῖν,
1394 4469 1427 4533 id
