3378 5212
836 544 900 606 144

328 728 550 813 Superlativus
584 747 650 793 uno
685 731 811 792 tantum
836 727 905 792 loco
928 729 972 791 ita
996 727 1189 791 coniunctus
1212 727 1352 791 occurrit
1375 731 1455 792 teste

281 840 353 906 Rau
384 846 465 925 (pag.
491 841 554 920 73),
577 860 692 930 nempe
720 841 805 924 apud
828 839 1009 924 Oppianum
1034 839 1117 918 (Hal.
1141 841 1173 923 2,
1197 841 1289 917 200):
1316 838 1403 918 ἰχθὺν
1426 833 1455 901 δν

286 952 371 1036 παροδ
407 953 527 1026 ποίντας
561 953 743 1033 οίερνίτατον
777 953 863 1018 τέκεν
897 950 994 1032 ίίλμκ,
1030 955 1082 1017 cui
1118 953 1191 1018 licet
1225 953 1341 1017 addere
1372 953 1454 1016 duos

283 1069 370 1134 locos
404 1067 562 1133 Dioneos:
598 1069 653 1152 37,
683 1070 736 1152 35,
767 1069 805 1132 4:
829 1069 863 1132 τδ
889 1072 947 1147 πῦρ
971 1066 1024 1131 έπί
1048 1067 1237 1149 μακρότατον
1261 1089 1295 1130 τ.
1320 1065 1355 1130 τὸ
1379 1063 1455 1136 εἰκὸς

285 1181 351 1263 ίρίκ
384 1181 525 1267 (ἱερων..
542 1230 571 1248 ..
608 1182 815 1268 ποιηθέντων),
851 1203 933 1268 quae
969 1183 1065 1248 verba
1098 1185 1143 1248 ila
1177 1182 1330 1248 vertenda
1361 1185 1453 1244 sunt:

282 1296 411 1361 flamma
444 1296 599 1361 altissime
632 1316 667 1362 se
701 1298 819 1361 extulit
848 1296 958 1362 contra
981 1298 1122 1379 solitum,
1144 1298 1178 1360 id
1202 1302 1251 1360 est
1273 1297 1455 1379 comparata

282 1430 357 1474 cum
381 1429 418 1474 eo
444 1411 539 1494 quod,
554 1410 624 1475 lieri
648 1411 785 1492 solebat;
809 1413 854 1476 ita
878 1418 915 1475 ut
935 1412 1153 1496 superlativus
1165 1403 1373 1494 comparativi
1386 1409 1456 1471 vice

282 1523 438 1607 iungatur
461 1523 511 1604 (cf.
536 1528 555 1604 5
580 1525 600 1588 8
624 1524 661 1604 5).
685 1526 738 1608 38,
763 1525 795 1608 4,
820 1526 856 1589 5:
877 1523 1086 1603 ὁμογνώμονας
1104 1523 1173 1597 τοὺς
1187 1520 1365 1603 πριίτουςτε
1379 1568 1386 1583 .
1402 1568 1408 1582 .
1424 1568 1454 1584 ..

286 1635 373 1711 ίντας
408 1637 461 1702 καί
495 1637 639 1716 μέγιστον
674 1637 759 1718 παροδ
794 1636 915 1712 ποίντας
949 1638 1125 1722 δυναμένους
1160 1636 1265 1715 λαβών
1301 1638 1368 1717 (eos
1399 1635 1455 1719 qui

283 1753 378 1836 primi
402 1758 491 1816 erant
514 1759 547 1816 et
570 1752 746 1836 plurimum
770 1773 867 1837 supra
891 1773 1002 1817 omues
1025 1759 1172 1837 poterant
1188 1771 1267 1816 suae
1279 1751 1456 1815 sententiae

283 1866 530 1950 adstipulatores
552 1867 735 1949 accipiens),
757 1865 814 1930 nbi
838 1886 968 1952 quoque
991 1866 1207 1951 superlativus
1230 1862 1374 1942 μέγιστον
1397 1883 1455 1947 pro

286 1982 502 2063 comparativo
527 1975 629 2058 μεῖζον
652 1981 776 2063 positus
799 1983 856 2044 est.

329 2093 519 2177 Sequuntur
552 2094 616 2157 duo
652 2094 801 2177 exempla
836 2092 891 2156 ubi
921 2093 1055 2159 verbum
1088 2096 1219 2159 notione
1241 2093 1457 2176 comparativa

285 2207 466 2290 praeditum
490 2207 645 2270 occurrit:
669 2207 723 2290 46,
747 2208 801 2291 25,
825 2205 862 2269 4:
888 2205 936 2279 τίς
955 2203 1075 2281 ἀξιώσει
1098 2205 1244 2287 προέχων,
1258 2203 1305 2278 τίς
1318 2202 1458 2287 ἐμπειρία

286 2317 437 2400 προφέρων
472 2318 557 2400 παροδ
592 2323 694 2384 τοῦτον
728 2316 825 2393 σίλλος
860 2314 911 2395 ἦνς
944 2319 1030 2404 [quis
1053 2321 1137 2384 alins
1160 2322 1358 2401 auctoritate,
1383 2320 1458 2402 quis
1489 2398 1492 2406 Ι

284 2435 400 2517 peritia
434 2433 612 2498 excellebat
645 2440 771 2518 praeter
805 2453 878 2498 eum
914 2436 967 2516 (sc.
986 2435 1189 2518 'Antoniuml
1200 2433 1237 2519 ll.
1261 2435 1314 2517 46,
1340 2434 1392 2516 55,
1418 2434 1455 2497 5:

286 2547 426 2610 ἐκαλεῖτο
461 2543 539 2620 αὕτκ
575 2546 607 2610 δὲ
642 2549 776 2625 κομῖιτα,
800 2543 845 2612 ίίτι
870 2547 895 2610 οἱ
918 2547 1061 2612 Γαλοίται
1086 2547 1110 2612 οί
1131 2547 1230 2628 ταύτῃ
1255 2549 1285 2621 ἐς
1307 2547 1400 2625 κίμκν
1423 2545 1457 2611 τὸ

287 2667 432 2725 πλεῖστον
455 2660 512 2734 τοδς
535 2659 649 2741 τρίχας
671 2659 802 2734 οίνιέντες
814 2659 954 2739 ἐπίσημοι
967 2660 1051 2726 κατδι
1062 2665 1151 2746 τοῦτο
1164 2659 1249 2741 παροδ
1261 2661 1331 2734 τοὺς
1342 2658 1457 2734 οίλλους

285 2769 360 2848 ἦσαν
383 2772 499 2861 (altera
524 2773 627 2838 Gallia
650 2773 825 2838 vocabatur
850 2773 989 2857 Comata,
1013 2776 1100 2860 quod
1125 2774 1208 2839 Galli
1232 2778 1289 2858 qui
1311 2775 1356 2838 ibi
1369 2774 1457 2838 habi-

285 2889 396 2953 tabant
430 2907 553 2952 comam
588 2887 742 2972 gerebant
773 2889 945 2952 admodum
978 2890 1166 2973 promissam
1188 2907 1291 2972 eoque
1312 2889 1457 2972 insignes

286 3007 377 3068 erant
410 3021 486 3085 prae
521 2995 656 3086 ceteris).
694 3001 793 3066 Hisce
827 3003 984 3086 exemplis
1008 3005 1093 3067 inest
1115 3001 1280 3066 vocabulis
1305 2999 1458 3082 προφέρων

287 3123 385 3200 atque
414 3113 558 3192 ἐπίσημοι
583 3117 632 3180 vis
656 3117 814 3200 quaedam
839 3119 1056 3201 comparativa
1081 3136 1164 3202 quae
1187 3118 1457 3201 praepositionem

284 3228 366 3312 παροδ
397 3230 553 3294 adsciscit.
585 3228 751 3294 Hactenus
774 3233 965 3315 praepositio
990 3230 1074 3312 παρα
1096 3251 1139 3295 ex
1161 3231 1254 3294 locali
1278 3209 1341 3295 usu
1364 3229 1459 3295 facile

286 3344 474 3427 explicatur,
508 3344 564 3408 sed
600 3344 684 3408 ultra
718 3345 921 3428 progreditur
945 3365 1034 3428 usus,
1058 3364 1133 3408 cum
1158 3343 1293 3408 verbum
1317 3350 1403 3408 caret
1425 3345 1459 3407 vi

285 3458 510 3542 comparativa,
532 3463 602 3521 tum
627 3459 713 3522 enim
738 3458 898 3543 significat
925 3465 1078 3543 „praeter
1101 3458 1174 3542 plus
1198 3457 1328 3542 quam''.
1348 3457 1458 3523 Huius

287 3592 368 3636 usus
413 3571 499 3655 apud
541 3573 665 3637 Atticos
708 3574 879 3658 scriptores
921 3592 1023 3656 panca
1058 3573 1151 3637 modo
1186 3574 1334 3656 exempla
1368 3574 1458 3638 inve·

286 3687 423 3749 niuntur
457 3703 482 3748 e.
494 3705 523 3768 g.
558 3683 643 3750 Xen.
677 3687 774 3770 Ages.
811 3687 841 3769 5,
877 3688 913 3750 3:
946 3685 1016 3750 ἑκὼν
1050 3685 1146 3750 ἐπόνει
1180 3709 1213 3750 π.
1239 3685 1309 3759 τοὺς
1331 3682 1457 3758 σίλλους,

287 3799 377 3862 Plato
413 3819 442 3882 p.
475 3798 538 3862 539
562 3798 606 3862 E:
639 3797 794 3878 διακρίνειν
828 3822 861 3862 π.
879 3779 965 3872 ’τοιδέ
984 3802 1100 3872 σ’ίλλους
1122 3797 1297 3880 οίνέριίπους,
1320 3821 1349 3884 p.
1376 3801 1457 3864 183:

289 3911 407 3993 σφόδρα
450 3934 484 3974 π.
528 3911 597 3985 τοὺς
640 3914 756 3986 σίλλους
791 3912 966 3992 δυστυχεῖν,
1002 3915 1088 3998 apud
1121 3916 1315 3978 recentiores
1349 3918 1458 3979 autem

287 4027 457 4110 scriptores
492 4028 621 4110 saepius
654 4033 829 4091 occurrunt
862 4027 958 4107 (Plut.
991 4028 1059 4091 Alo.
1082 4026 1132 4091 X:
1157 4026 1238 4107 οίνδρί
1263 4027 1396 4106 ἱστορικῷ
1422 4050 1457 4090 π.

289 4139 413 4204 ὁντινοῦν
440 4144 497 4204 τῶν
521 4139 699 4221 Φιλοσόφων
723 4159 747 4204 e.
761 4160 805 4219 a.;
830 4141 864 4202 in
888 4139 983 4204 LXX
1006 4143 1148 4204 virorum
1173 4142 1321 4205 versione
1345 4139 1459 4205 (lenes

292 4255 351 4337 37,
385 4255 423 4318 3:
459 4253 573 4331 Ἰακὼβ
607 4253 638 4316 δὲ
673 4250 784 4330 ἠνοίπα
819 4253 867 4317 τὸν
902 4253 1016 4334 Ἰωσὴφ
1052 4277 1086 4317 π.
1124 4251 1244 4326 ποίντας
1279 4252 1347 4326 τοὺς
1382 4253 1460 4328 υἱοὺς

289 4369 392 4442 αὐτοῦ,
426 4372 461 4432 in
495 4368 588 4433 Novo
622 4367 703 4433 Test.
727 4368 813 4452 apud
836 4367 957 4432 Lucam
984 4369 1035 4451 13,
1060 4369 1097 4431 2:
1121 4365 1297 4447 οὲμαρτωλοί
1322 4391 1356 4430 π.
1383 4366 1459 4432 ποίν-

292 4506 350 4556 τας
383 4481 453 4556 τοὺς
487 4481 669 4555 Γαλιλαίους
704 4479 845 4559 ἐγένοντο,
881 4481 977 4547 Hebr.
1015 4483 1044 4564 1,
1081 4483 1117 4545 9;
1153 4481 1203 4559 (cf.
1237 4481 1289 4546 Ps.
1321 4482 1375 4566 45,
1407 4483 1458 4568 8):
