3378 5212
838 507 901 570 146

283 699 332 760 est
355 693 399 772 μὴ
423 698 538 776 φρονεῖν
562 693 637 774 ὑπὲρ
663 692 726 778 (=
740 692 844 778 νιοιριὶ)
868 689 882 757 ὃ
905 692 953 757 δεῖ
974 697 1088 774 φρονεῖν
1110 691 1169 780 (ue
1188 696 1314 779 sapiant
1333 701 1457 779 praeter

283 807 371 890 quod
394 825 505 891 sapere
527 804 678 892 oportet).

327 919 417 984 Siout
439 923 474 985 iu
498 921 655 1004 exemplis
668 921 707 984 de
720 918 840 1005 quibus
852 938 958 984 sermo
971 925 1047 1001 erat,
1059 920 1104 983 ita
1115 921 1198 985 alius
1211 923 1455 1006 praepositionis

284 1033 367 1112 ποιροὶ
399 1054 478 1100 usus
501 1056 520 1099 a
543 1034 636 1098 loeali
661 1035 790 1098 notione
817 1033 948 1114 „iuxta”
972 1034 1169 1098 derivandos
1192 1042 1249 1118 est,
1274 1042 1310 1100 ut
1333 1039 1456 1101 oriatur

282 1147 472 1231 significatio
511 1147 685 1232 „praeter'’.
721 1146 921 1212 Praecedunt
952 1147 1144 1230 plerumque
1166 1148 1322 1212 adieetiva
1347 1151 1455 1233 qualia

167 1241 170 1250 ⁵
282 1268 357 1327 suut
389 1258 497 1334 ἄλλος,
532 1257 635 1341 έτερος,
670 1258 819 1342 διάφορος.
854 1261 1046 1344 Saepissime
1077 1262 1346 1345 praepositionem
1371 1260 1456 1342 ποιροὶ

284 1393 321 1440 eo
356 1393 455 1439 sensu
493 1381 637 1439 ornatam
672 1375 757 1459 apud
792 1373 959 1438 Platonem
994 1375 1179 1439 invenimus
1213 1372 1317 1461 (ποιροὶ
1351 1378 1454 1440 τοῦτον

282 1488 374 1552 εἰπεῖν
408 1484 496 1570 ἕτερον
529 1508 558 1573 p.
591 1490 655 1553 235
680 1488 721 1569 03
753 1485 842 1552 ἄλλοι
864 1509 893 1572 p.
917 1489 982 1552 235
1006 1487 1052 1569 E;
1076 1488 1173 1573 e.a.);
1194 1493 1300 1553 exstat
1323 1508 1454 1572 quoque

281 1603 333 1666 hie
355 1622 435 1667 usus
457 1603 544 1686 apud
566 1603 647 1666 alios
671 1604 822 1687 antiquos
846 1602 1017 1686 scriptores
1040 1600 1080 1684 (e.
1103 1622 1133 1684 g.
1156 1602 1242 1685 apud
1265 1599 1454 1666 Demosthe-

281 1735 355 1780 nem
382 1716 433 1799 18,
461 1716 541 1780 139:
567 1738 602 1778 οι.
626 1714 712 1779 redd*
736 1711 824 1794 ἕτεροι
847 1713 987 1796 γράφειν,
1021 1714 1073 1798 18,
1096 1715 1177 1779 235:
1200 1736 1235 1777 π.
1256 1714 1347 1779 ταῦτ’
1361 1714 1454 1780 εἰπεῖν

280 1825 360 1894 ἄλλο
385 1828 475 1902 οὐδέν,
498 1831 584 1914 apud
607 1827 856 1913 Xenophontem
881 1827 953 1909 Oyr.
976 1828 1005 1912 1,
1030 1829 1061 1912 6,
1085 1829 1122 1892 2:
1144 1823 1231 1908 ἕτερον
1254 1827 1393 1907 λέγοντες
1418 1852 1452 1892 οι.

281 1942 322 2007 τοὶ
336 1991 343 2007 .
358 1990 366 2006 .
381 1990 413 2009 ..
443 1938 660 2020 σνρμοιινέμενοι,
684 1941 768 2006 Hell.
794 1942 823 2026 1,
847 1942 878 2025 5,
903 1942 940 2005 5:
966 1940 1037 2020 παρ’
1060 1937 1082 2004 ἃ
1106 1939 1255 2019 βασιλεὺς
1278 1940 1454 2006 ἐπέστειλεν

279 2057 362 2137 αὐτῷ
397 2053 485 2122 alata
521 2056 636 2141 ποιεῖν).
668 2055 785 2121 Noster
817 2075 948 2140 quoque
969 2056 1057 2120 huno
1082 2075 1178 2120 usum
1202 2056 1298 2121 habet
1320 2076 1452 2140 nempe:

326 2171 378 2254 57,
404 2172 435 2254 5,
460 2172 496 2234 5:
521 2171 574 2235 οὐκ
602 2168 753 2248 ἠβουλήθη
779 2193 814 2233 ιι.
840 2172 944 2234 τοῦτον
967 2168 1069 2232 οὐδὲν.
1086 2220 1092 2233 .
1107 2217 1136 2233 ..
1160 2167 1229 2234 οὔτε
1248 2167 1454 2243 ε’κεένουςοῦτε

279 2283 328 2348 τὸν
350 2283 530 2364 Γερμοονιιιὸν
555 2290 864 2364 πολυπραγμονῆσαι.

324 2399 378 2482 36,
401 2399 455 2482 34,
481 2401 496 2462 1
509 2421 516 2463 :
542 2421 576 2461 ιι.
599 2397 656 2471 τοὶς
676 2396 852 2472 έπετιρσέονς
872 2396 974 2478 οἱρρμὶς
988 2447 995 2463 .
1010 2443 1017 2460 .
1031 2444 1038 2460 .
1052 2447 1059 2462 .
1073 2395 1172 2477 ἑτέροιο
1183 2393 1303 2461 tutator
1318 2398 1455 2482 (praeter

281 2532 407 2578 annuos
432 2515 681 2598 magistratus..
697 2561 704 2576 .
720 2560 727 2576 .
751 2512 851 2577 alium
875 2512 1011 2597 eligere).

325 2628 380 2709 37,
417 2627 469 2709 58,
505 2627 542 2690 4:
579 2623 717 2707 ἄνθρωποι
750 2648 783 2688 ιι.
818 2623 923 2689 μέντοι
946 2628 1050 2689 τοῦτον
1073 2624 1273 2702 οιοιμνιλνρέεῑς
1295 2623 1453 2689 ἀπώλοντο

279 2740 361 2829 (quo
396 2740 466 2806 loeo
502 2739 600 2806 verba
632 2762 666 2803 οι.
698 2737 801 2803 μέντοι
831 2742 935 2803 τοῦτον
966 2738 1232 2824 significationem
1255 2739 1321 2803 fere
1344 2744 1454 2824 postu·

278 2856 347 2919 lant
385 2857 528 2938 ,praeter
563 2853 641 2918 haee
676 2851 822 2932 omnia’';
858 2870 963 2916 sermo
997 2854 1084 2916 euim
1120 2857 1169 2917 est
1202 2854 1236 2916 in
1268 2854 1371 2937 capite
1397 2871 1454 2918 ex-

278 2976 381 3034 tremo
416 2969 552 3032 huiusce
586 2967 660 3030 libri
695 2967 735 3031 de
772 2972 958 3050 tempestate
993 2985 1097 3049 saeva,
1120 2985 1202 3050 quae
1225 2966 1355 3032 arbores
1378 2987 1454 3031 con·

279 3082 377 3164 vellit,
399 3082 494 3147 aedes
514 3081 682 3164 subvertit,
694 3099 793 3146 naves
817 3080 1005 3164 submergit,
1027 3087 1158 3164 pontem
1181 3063 1324 3165 ligneum
1338 3081 1454 3146 disieit

279 3196 412 3261 Praeter
453 3196 531 3261 haee
573 3196 682 3286 omnia
722 3195 873 3279 permulti
909 3213 1039 3279 quoque
1073 3194 1220 3260 homiues
1252 3196 1455 3261 interierunt.

278 3310 496 3394 Temporalem
533 3311 696 3374 notionem
733 3308 803 3393 (,iu
839 3307 990 3373 omnibus
1020 3309 1070 3373 his
1100 3307 1231 3390 rebus'')
1253 3309 1323 3374 loeo
1346 3311 1455 3375 inesse

280 3425 337 3488 vix
363 3424 573 3500 crediderim).

324 3537 396 3602 Duo
419 3545 496 3603 sunt
519 3537 667 3621 exempla
691 3536 748 3601 ubi
775 3556 837 3601 vox
861 3532 957 3608 ἄλλος
980 3537 1120 3601 occurrit
1143 3543 1299 3621 sequente
1321 3556 1453 3622 praepo-

279 3652 395 3717 sitione
420 3649 522 3732 οιοιροέε

324 3766 378 3849 59,
404 3767 455 3849 13,
480 3766 517 3829 5:
553 3761 670 3829 ἄλλοτε
693 3763 752 3843 γὰρ
775 3761 859 3843 olata
886 3759 942 3845 o‘r‘pqt
966 3786 1001 3827 οι.
1027 3762 1068 3827 τοι
1093 3763 1328 3844 νιροιρργειιμένοο
1351 3765 1452 3829 οἰνιοιν-

279 3882 386 3952 raam
419 3879 512 3944 οὐτοῦ
548 3879 640 3964 (alias
676 3880 738 3942 alio
774 3886 916 3961 tempore
951 3897 987 3940 ao
1018 3878 1172 3960 edixerat,
1196 3879 1265 3964 (iis)
1291 3880 1454 3965 occurrit),

279 4012 363 4078 quae
385 3994 543 4058 sententia
569 3993 707 4075 elliptiae
729 3991 795 4054 fere
820 3993 904 4055 diota
923 3991 1103 4074 explicatur
1123 3992 1333 4077 sequentibus
1346 3993 1453 4058 verbis

279 4105 347 4169 τοτὲ
383 4106 439 4184 μὲν
470 4104 515 4170 ἔτι
547 4103 650 4178 roardo
674 4105 744 4168 τοτὲ
768 4103 800 4168 δέ
824 4103 876 4167 aul
900 4103 984 4181 μενοι
1007 4102 1202 4184 μεσομβρέοον
1226 4106 1257 4178 ές
1279 4104 1320 4168 τοὶ
1344 4104 1453 4187 θέρετρον

279 4217 416 4291 ἐσιόντος,
442 4239 567 4304 semper
591 4226 697 4284 autem
720 4215 805 4298 ἄλλῃ
829 4213 887 4300 stipa
912 4241 945 4280 οι.
972 4216 1014 4281 τοὶ
1035 4218 1288 4298 προηγνελμένοος
1309 4219 1452 4302 af.§8b.

281 4331 363 4396 Oum
399 4354 464 4417 qua
497 4334 622 4397 ratione
657 4333 783 4396 dicendi
818 4331 1010 4396 conferenda
1042 4340 1120 4397 sunt
1150 4334 1250 4398 verba
1283 4333 1377 4398 Pauli
1400 4334 1453 4415 (ad

279 4445 348 4512 Gor.
373 4466 420 4532 ep.
445 4447 469 4510 Ι.
495 4467 562 4532 cap.
587 4447 618 4531 3,
645 4446 714 4524 11):
740 4444 875 4523 θεμέλιον
899 4443 958 4526 γὰρ
981 4441 1076 4510 ἄλλον
1099 4444 1193 4521 οὐδεὶς
1213 4444 1337 4512 iduatus
1361 4444 1451 4509 έεῑνοιι
