3400 5212
267 714 454 796 χιλιάρχους
485 718 515 790 ἐς
546 716 580 781 τὸ
608 717 750 798 συνέδριον
781 715 952 795 ἐσάγεσθαι,
978 719 1029 800 61,
1055 719 1105 801 16,
1128 720 1165 782 4;
1191 719 1373 793 αἰτήσασθαι
1399 743 1433 782 τ.

265 830 358 893 αὐτοῦ
382 831 462 908 μήτε
488 835 591 912 Φιλεῖν
614 832 705 896 αὐτὸν
727 830 808 908 μήτε
832 837 985 895 συσσιτεῖν
1008 831 1100 912 αὐτῷ.

308 941 357 1008 De
391 947 576 1028 compositis
599 945 688 1010 verbi
712 946 800 1029 quod
823 951 871 1011 est
893 945 989 1009 αἰτεῖν
1015 965 1101 1010 nunc
1125 946 1301 1011 videamus.
1326 947 1435 1010 Primo

263 1056 334 1120 loco
368 1057 514 1122 ἀπαιτεῖν
548 1059 804 1124 enumerandum
836 1064 901 1138 est;
926 1060 1011 1142 apud
1035 1061 1233 1143 antiquiores
1257 1061 1436 1143 scriptores,

265 1169 350 1253 apud
377 1173 502 1237 Atticos
526 1174 724 1258 praesertim,
747 1174 807 1237 hoc
831 1172 966 1237 verbum
990 1193 1064 1237 cnm
1091 1171 1218 1237 dnobus
1242 1173 1436 1238 accusativis

266 1286 474 1350 coniunctum
511 1289 660 1368 occurrit,
695 1307 892 1371 quamquam
928 1306 1006 1352 sane
1035 1288 1229 1371 praepositio
1254 1286 1338 1366 ταρά
1361 1307 1435 1350 cum

265 1399 409 1481 genitivo
443 1401 494 1464 hic
529 1400 595 1464 illic
627 1403 801 1466 invenitur.
832 1400 941 1465 Pauca
972 1398 1101 1464 afferam
1126 1400 1274 1483 exempla
1297 1419 1369 1464 cnm
1396 1419 1436 1464 ex

266 1512 369 1594 poetis
393 1518 461 1576 turn
487 1531 528 1578 ex
552 1513 762 1598 scriptoribus
787 1515 843 1597 qni
867 1516 921 1578 usi
943 1518 1020 1578 sunt
1042 1512 1183 1596 pedestri
1206 1532 1369 1578 sermone:

311 1626 474 1711 Aristoph.
495 1625 580 1691 Nub.
607 1627 709 1692 1247:
734 1622 818 1699 οὗτος
840 1625 980 1690 άταιτῶν
1004 1650 1044 1704 με
1063 1624 1228 1706 τάργύριον.

310 1737 529 1804 Ευ1.Ρ1ιοθῑ1.
554 1741 634 1804 601:
659 1740 692 1805 σὲ
717 1738 848 1820 δεύτερον
868 1739 993 1803 άταιτιῒι
1018 1744 1169 1818 σκῆπτρα.

310 1850 388 1915 Eur.
411 1851 482 1917 Hel.
507 1853 587 1917 963:
613 1853 738 1916 άταιτῶ
763 1854 817 1927 τὴν
841 1851 915 1929 ἐμὴν
938 1849 1083 1932 δάμαρτά
1106 1877 1149 1916 σε.

311 1965 473 2050 Aristoph.
496 1967 556 2029 Ar.
583 1969 662 2030 eet:
688 1968 742 2040 τὴν
765 1968 864 2046 άρχὴν
888 1966 937 2029 τὸν
962 1965 1014 2040 Δί’
1038 1964 1195 2030 άταιτεῖν.

311 2077 430 2143 Herod.
454 2082 483 2163 8,
508 2081 589 2144 122:
614 2079 748 2144 circuires
772 2079 881 2154 αὐτοὺς
904 2079 945 2144 τά
967 2080 1119 2161 άριστάϊα.

312 2191 404 2257 Plato
427 2193 561 2259 Phaedr.
586 2215 616 2279 p.
642 2196 703 2256 341
730 2196 777 2258 A:
801 2194 892 2257 αὐτὸν
916 2193 1006 2274 χάριν
1029 2195 1168 2258 άταιτεῖ.

312 2304 395 2369 Xon.
419 2306 521 2371 Anab.
547 2310 577 2390 9,
602 2311 629 2384 5,
654 2309 712 2370 38:
738 2307 818 2384 ὑμᾶς
842 2307 992 2385 βασιλεὺς
1015 2308 1056 2372 τά
1079 2306 1165 2372 ἔτλα
1188 2309 1327 2372 άταιτεῖ.

312 2418 396 2484 Xen.
420 2421 528 2484 Anah.
551 2420 579 2502 7,
605 2423 632 2503 6,
657 2423 694 2483 2:
720 2420 753 2484 σὲ
777 2421 1055 2495 acernaacerna
1078 2420 1190 2499 μισθόν.

313 2532 409 2597 Isocr.
434 2535 484 2617 18,
508 2535 567 2614 67,
593 2532 683 2598 Dem.
708 2536 894 2618 saepissime
918 2554 943 2599 e.
956 2556 985 2619 g.
1011 2537 1039 2612 8,
1064 2537 1122 2614 34,
1149 2537 1200 2617 33,
1224 2536 1282 2616 35,
1307 2537 1360 2617 49,
1380 2537 1438 2616 33,

269 2646 321 2729 49,
344 2649 403 2728 49,
428 2651 480 2731 49,
505 2649 563 2729 39,
589 2650 639 2723 49,
664 2649 723 2728 64,
749 2650 885 2731 49,16,
911 2651 963 2731 47,
990 2649 1030 2712 36
1055 2669 1121 2715 eu

312 2759 405 2826 Diod.
433 2764 481 2844 16,
508 2765 565 2826 66;
591 2761 679 2839 λόγον
702 2761 772 2836 τοὺς
795 2762 1002 2844 κεχειρικότας
1025 2764 1171 2844 άτάτινν.

313 2875 436 2940 Andoc.
461 2876 500 2941 de
523 2883 618 2958 myst.
646 2878 723 2941 147:
748 2877 905 2958 άτάτνσεν
928 2877 1010 2955 ὑμᾶς
1034 2875 1122 2958 χάριν
1145 2881 1202 2942 τῶν
1225 2875 1323 2958 ἔργων.

314 2989 405 3054 Siout
428 2991 690 3075 supradiximus,
702 2991 864 3055 interdum
878 2993 1070 3076 praepositio
1084 2991 1168 3071 ταρά
1181 3012 1256 3056 cum
1268 2993 1329 3055 hoc
1341 2991 1440 3055 verbo

269 3106 486 3189 coniungitur,
507 3124 546 3196 e.
558 3126 588 3190 g.
619 3105 706 3189 apud
729 3104 908 3196 Lucianum
933 3103 1031 3191 (Dial.
1056 3112 1146 3170 mort.
1169 3109 1199 3188 4,
1224 3103 1277 3191 9);
1302 3106 1441 3168 άταιτῶν

269 3216 311 3280 τά
345 3216 530 3297 ὀφειλόμενα
566 3217 650 3298 ταρὰ
681 3222 741 3291 σοῦ,
771 3216 955 3304 (Tyrannio.
987 3239 1053 3303 cap.
1082 3216 1158 3305 15):
1184 3217 1200 3292 a
1226 3217 1270 3282 ἔτι
1295 3219 1441 3290 άταιτεῖς

270 3331 342 3410 παρ’
374 3332 447 3408 ἐμοῦ
475 3331 526 3396 τὸν
558 3332 655 3413 Φάναν,
680 3330 840 3418 (Hermot.
865 3353 889 3396 c.
916 3331 990 3420 80):
1014 3331 1156 3397 άταιτῶν
1176 3330 1260 3412 ταρά
1283 3357 1360 3405 τινος
1384 3336 1441 3395 τῶν

269 3446 410 3522 μαθητῶν
440 3445 488 3509 τὸν
511 3444 623 3536 ραισάάν,
647 3446 732 3529 apud
757 3444 935 3510 Diodorum
960 3443 1029 3532 (11,
1056 3443 1130 3532 66);
1156 3449 1326 3520 άταιτῆσαι
1353 3444 1441 3522 λόγον

271 3558 354 3638 τιαρά
377 3557 522 3632 Μικύθου,
547 3559 632 3643 apud
656 3559 830 3624 Isocratem
853 3557 923 3645 (11,
944 3559 1015 3642 61);
1040 3563 1144 3623 ταῦτα
1165 3558 1248 3638 ταρά
1268 3561 1325 3623 τῶν
1337 3555 1440 3622 άλλαν

269 3671 424 3745 άταιτεῖν,
448 3671 518 3760 (15,
542 3669 640 3758 909);
665 3671 784 3745 ταύτας
803 3673 948 3736 άταιτεῖν
971 3671 1192 3752 ταράταάτνς,
1207 3673 1293 3756 apud
1307 3671 1441 3736 Demos·
1547 3731 1550 3734 .

270 3787 398 3851 tironem
429 3785 498 3873 (18,
523 3783 620 3871 245);
657 3785 747 3850 ταῦτ’
784 3787 929 3858 άταιτεῖς
953 3787 1024 3866 παρ’
1050 3788 1134 3863 ἐμοῦ.
1159 3785 1338 3850 Pausanias
1362 3804 1440 3869 quo·

271 3919 334 3984 que
357 3900 476 3965 alicubi
499 3901 577 3966 haec
601 3899 712 3964 habet:
737 3899 763 3962 oi
785 3900 900 3963 Ἠλεῖαι
925 3898 1013 3972 δίκας
1035 3903 1087 3963 τοῦ
1110 3897 1282 3980 Φάνουταρ’
1296 3896 1441 3977 Ἀργείαν

270 4013 417 4094 άτῄτσνν.

315 4126 474 4192 Omnibus
497 4127 576 4191 locis
595 4126 651 4190 ubi
670 4128 864 4212 praepositio
885 4125 1062 4208 adhibetur,
1075 4126 1342 4210 praepositionem
1357 4124 1441 4204 ταρά

272 4247 459 4326 usurpatam
482 4241 648 4320 videmus3
673 4241 751 4305 haec
774 4243 884 4324 itaque
907 4241 1102 4325 praepositio
1126 4241 1292 4324 aptissima
1315 4239 1442 4322 videtur

271 4353 368 4420 verbo
403 4355 442 4419 de
477 4374 541 4439 quo
577 4354 725 4437 dicimus,
758 4354 824 4419 fere
858 4372 986 4438 semper
1020 4354 1158 4418 occurrit
1188 4357 1314 4437 praeter
1327 4373 1440 4416 runum

271 4468 376 4532 locum
402 4468 458 4532 ubi
481 4468 747 4553 praepositionem
769 4468 802 4529 ἐκ
822 4467 978 4550 legimus¹3
991 4466 1174 4548 Aeschylus
1187 4467 1272 4530 enim
1286 4463 1440 4552 (Choeph.

1323 4575 1340 4625 ὅ
