3378 5222
808 543 849 607 31

242 731 452 793 coniunctum
476 727 576 811 idque
599 727 707 791 additu
728 746 764 792 re
785 728 929 792 inanimo
951 727 1099 792 oonsulto
1121 726 1277 792 adhibuit
1297 725 1416 803 Quam·

243 863 339 926 quum
375 843 476 926 igitur
509 842 605 925 longe
634 839 806 905 abhorrere
837 841 964 905 videtur
985 841 1108 906 locutio
1130 839 1170 905 ab
1195 861 1259 906 usu
1281 841 1417 925 vulgari,

243 974 307 1019 non
335 957 406 1020 sino
428 956 514 1019 iustu
537 973 635 1018 eausa
658 953 818 1017 eiusmodi
842 953 1072 1037 discrepantiae
1096 973 1265 1020 occurrere
1283 959 1417 1018 conetur,

286 1067 426 1134 Necesse
461 1087 526 1132 non
560 1067 689 1131 videtur
722 1067 763 1130 nd
797 1086 853 1131 eos
886 1067 975 1131 locos
1009 1067 1273 1150 animadvertero,
1296 1067 1416 1150 quibus

242 1181 436 1246 vocabulum
471 1180 563 1252 πόλις
596 1199 730 1264 prorsus
762 1180 849 1244 idem
873 1180 1034 1264 signifieat
1057 1187 1154 1265 utque
1178 1187 1315 1253 ποοιῑπιιι,
1339 1201 1415 1245 nam

240 1296 282 1359 iis
315 1295 395 1360 loeis
429 1297 699 1380 praepositionem
735 1293 819 1373 πσρὰ
849 1313 1016 1359 occurrere
1040 1296 1096 1358 vix
1120 1297 1274 1378 cuiquem
1296 1296 1416 1359 mirum

241 1407 411 1474 videbitur.
434 1408 503 1473 Ium
526 1408 656 1472 laudavi
676 1408 781 1472 locum
803 1408 1077 1492 Aristophaneum
1097 1407 1193 1492 (qu.
1206 1407 1301 1492 802):
1314 1405 1416 1488 οἱρποί-

240 1519 302 1600 ζειν
325 1521 378 1585 κοιί
401 1521 565 1602 δωροδοκεῖν
589 1519 674 1601 ποιροὶ
696 1523 754 1584 τῶν
778 1520 893 1584 πόλεων
913 1522 969 1585 ubi
989 1523 1077 1586 cives
1096 1520 1339 1606 intelleguntur,
1350 1541 1416 1585 non

242 1634 357 1715 urbes3
388 1655 455 1698 non
485 1653 617 1699 neeesse
651 1634 751 1701 habeo
775 1635 887 1700 offerre
911 1636 1060 1720 exemplu
1083 1654 1167 1720 quoe
1189 1641 1322 1701 secutus
1345 1654 1417 1700 esse

241 1748 390 1813 videatur
423 1747 495 1831 Dio,
530 1757 566 1812 ut
600 1749 687 1812 huno
722 1768 817 1812 usum
853 1747 1018 1813 affirmem.
1050 1748 1185 1815 &stant
1214 1755 1322 1815 autem
1344 1750 1415 1814 alin

240 1860 395 1926 Proxime
428 1862 469 1926 ad
504 1863 683 1926 locutiones
718 1863 824 1946 qualis
855 1871 904 1928 est
933 1862 1019 1943 παρὰ
1041 1871 1096 1937 τῆς
1120 1862 1236 1936 πόλεως
1258 1864 1417 1929 acoeduni

242 1975 335 2039 heeo:

287 2091 339 2171 54,
376 2089 425 2170 17,
459 2092 499 2153 4:
534 2085 713 2169 τριπλοίσιου
744 2093 796 2152 τοῦ
821 2089 906 2169 ποιρὰ
928 2094 981 2154 τοῦ
1004 2088 1145 2167 δημοσίου
1169 2087 1277 2171 σφίσιν
1300 2091 1330 2162 ἐς
1355 2088 1413 2162 τὰς

191 2259 195 2268 .
244 2201 424 2284 πανηγύρεις
447 2202 620 2281 διδομένου.
635 2251 687 2268 ...
935 2189 939 2199 ’

286 2319 338 2398 53,
371 2317 421 2399 15,
452 2319 489 2380 5:
522 2315 557 2396 τδ
587 2315 643 2392 μὲν
672 2315 731 2395 γὰρ
763 2313 866 2380 πύλοιι
890 2314 1128 2395 ἕργολοιβοῦυτίς
1152 2338 1230 2388 τινες
1254 2315 1339 2396 ποιρίο
1361 2320 1414 2380 τού

240 2429 382 2507 δημοσίου
405 2428 512 2494 ποίυτοο
534 2428 626 2510 σφίσι
649 2427 692 2493 τοὶ
716 2429 787 2509 πρὸς
810 2428 864 2501 τὴν
887 2427 986 2508 ἀρχὴν
1010 2427 1142 2508 φέρουτοι
1165 2435 1321 2509 ποιρεῑχου·

286 2545 339 2625 69,
372 2545 420 2625 15,
453 2545 490 2606 2:
520 2543 592 2623 παρ’
623 2543 718 2606 οούτοῦ
751 2543 808 2627 (so.
833 2547 887 2607 τοῦ
911 2542 1137 2628 βουλευτηρίου)
1161 2541 1220 2616 τοὶς
1244 2543 1417 2623 ἀποκρίσεις

240 2659 424 2733 ποιήσοισύοιι
448 2656 631 2738 ἐπιτραπεὶς
644 2707 651 2722 .
666 2706 673 2720 .
689 2706 696 2720 .
711 2705 719 2719 .

283 2773 383 2837 Hisce
406 2773 492 2837 enirn
516 2773 594 2835 locis
619 2771 715 2836 verbe
739 2770 878 2848 δημόσιοι
901 2777 932 2836 et
952 2771 1164 2851 βουλευτήριον
1183 2791 1316 2856 prorsus
1328 2771 1414 2836 idem

239 2886 423 2972 significant
447 2886 534 2970 quod
557 2884 670 2962 παρίοι
694 2892 725 2950 et
750 2885 928 2964 βουλευτοί,
951 2888 996 2950 ito
1020 2893 1057 2950 ut
1077 2905 1234 2971 personne
1251 2887 1415 2950 notionem

238 3004 346 3066 inesse
368 3002 491 3066 nemini
515 3018 581 3063 non
605 3001 809 3084 perspicuum
834 3000 885 3063 sit.

282 3115 472 3199 Sequuntur
495 3116 518 3176 ii
541 3115 603 3178 looi
626 3112 747 3196 quibus
770 3112 965 3177 vocabulum
986 3113 1184 3178 abstractum
1205 3119 1243 3177 ut
1252 3115 1299 3177 itu
1310 3113 1414 3177 dicum

237 3237 393 3314 tanquam
424 3246 560 3313 persona
589 3229 757 3310 cogitatur,
787 3228 864 3310 quia
887 3233 937 3291 est
961 3227 1095 3292 verbnm
1120 3227 1207 3311 quod
1230 3229 1264 3290 in
1288 3227 1415 3308 mytho-

237 3345 324 3428 logie
356 3343 424 3407 iere
447 3360 504 3426 pro
528 3341 589 3406 deo
612 3341 663 3404 vei
687 3341 745 3404 deu
769 3340 921 3420 habetu13
947 3341 1021 3405 ideo
1043 3342 1144 3425 igitur
1165 3343 1322 3406 remansit
1344 3359 1415 3425 per·

237 3476 337 3522 sonae
361 3457 458 3537 notio,
483 3474 547 3540 quo
569 3454 607 3518 fit
631 3460 667 3518 ut
689 3456 959 3539 praepositionem
973 3454 1058 3535 πυροὶ
1070 3456 1257 3520 adiunxerit
1269 3457 1414 3539 eoriptor.

282 3570 372 3636 Haeo
394 3576 474 3634 sunt
497 3589 582 3653 quae
605 3569 677 3632 dioo
701 3569 866 3653 exempla:

284 3686 335 3767 52,
359 3687 389 3767 3,
417 3687 450 3747 l:
476 3689 538 3755 τοῖς
563 3681 648 3762 ποιροδ
671 3689 726 3756 τῆς
749 3680 853 3761 τύχης
876 3681 978 3748 δοθεῖσι
1003 3683 1046 3761 μη
1071 3686 1173 3755 καλῶς
1197 3681 1334 3762 χρῆσύοιι.

283 3800 335 3880 55,
372 3799 407 3860 l:
443 3796 568 3877 πέφυκε
602 3799 666 3859 πᾶν
696 3795 731 3859 τὸ
763 3794 1029 3875 evoptium...
1061 3805 1099 3876 τῇ
1125 3796 1210 3876 παρὰ
1233 3803 1288 3870 πῆς
1311 3795 1415 3876 τύχης

240 3914 314 3991 ῥοπῇ
337 3909 422 3975 κοιποδ
441 3914 498 3974 τῶν
520 3908 784 3973 ε’ύελοδουλούυτωυ
808 3911 944 3989 χρῆσθαι.

284 4026 335 4107 46,
362 4027 390 4107 6,
414 4026 452 4087 3:
478 4027 586 4088 πολύυ
609 4023 713 4094 οιύτοῑς
736 4023 794 4095 τοὶς
818 4022 903 4103 ποοροδ
924 4029 980 4096 πῆς
1003 4020 1106 4102 τύχης
1129 4021 1354 4096 ἐλπίδος....

282 4137 321 4202 In
356 4140 460 4222 primo
490 4137 638 4221 exemplo
672 4139 721 4201 vis
745 4137 834 4202 verbi
858 4137 944 4220 quod
968 4141 1017 4201 est
1040 4134 1172 4199 δίδοσίοιι
1195 4139 1296 4219 volet3
1322 4139 1416 4203 alitor

238 4259 345 4317 nutem
376 4271 428 4316 res
458 4270 494 4316 ee
524 4250 620 4314 habet
642 4253 676 4314 in
701 4250 801 4315 altero
825 4256 922 4334 atque
945 4253 1039 4315 tertio
1062 4251 1227 4335 exemp103
1251 4257 1413 4336 postremo

237 4367 323 4429 enim
358 4366 429 4429 looo
462 4364 494 4427 οἱ
526 4387 562 4426 π.
592 4372 648 4437 τῆς
679 4362 782 4443 τύχης
805 4362 934 4436 ἐλπίδες
958 4383 1048 4448 spem
1072 4363 1265 4449 significant,
1288 4385 1414 4450 quuea

243 4478 387 4543 Fortuna
419 4479 576 4562 originem
612 4477 710 4555 ducit,
744 4477 795 4542 vel
828 4479 936 4561 potius
972 4496 1071 4561 spem,
1101 4499 1198 4561 quem
1227 4480 1414 4544 infortuna
