3400 5212
852 502 916 566 104

298 697 335 769 τῇ
360 689 487 763 οιῦλήοει
512 697 549 770 τῇ
575 689 647 769 παρ’
671 687 778 753 εἰιείνον
800 688 952 770 γενομένρ,
976 692 1022 754 ita
1046 694 1082 754 ut
1106 710 1141 755 se
1162 709 1356 775 componere
1376 699 1476 779 atque

298 805 459 870 moderate
493 824 527 870 se
560 823 672 888 gerere
694 806 850 888 inciperet
873 805 913 868 ab
938 804 1079 886 tibicine,
1102 806 1122 866 i.
1136 823 1161 868 e.
1185 805 1332 870 tibicinio
1356 807 1395 872 ab
1419 809 1474 873 illo

297 918 397 997 faoto;
422 939 441 982 a
465 917 595 982 tibicine
618 920 719 1003 igitur
744 919 785 982 ad
809 919 913 998 ρ’νθμὸν
936 915 989 983 aar
1016 916 1122 997 μέτρον
1145 919 1369 985 reducebatur.

342 1030 501 1096 Omnibus
532 1033 686 1115 inspectis
720 1031 878 1116 exemplis
902 1033 1110 1116 perspicuum
1135 1040 1191 1115 est,
1215 1034 1301 1117 apud
1326 1033 1472 1100 Cassium

297 1143 433 1212 Dionem
470 1167 565 1211 usum
601 1148 847 1230 praepositionis
884 1145 968 1226 τοιροὶ
1003 1148 1036 1209 in
1073 1146 1181 1210 verbis
1216 1149 1356 1230 passivis
1382 1150 1474 1214 valde

297 1268 429 1325 auctum
464 1280 550 1341 esse3
588 1260 643 1325 ubi
675 1262 760 1324 enim
785 1261 840 1324 alii
865 1262 1038 1344 scriptores
1061 1261 1250 1343 praesertim
1275 1264 1474 1346 antiquiores

298 1375 407 1456 Attici,
437 1375 703 1459 praepositionem
730 1373 789 1437 ὑτὸ
813 1379 1053 1458 usurpaverunt
1076 1375 1108 1436 in
1136 1374 1241 1439 verbis
1265 1377 1414 1459 passivis,
1437 1384 1474 1440 ut

296 1489 475 1554 indicarent
499 1508 677 1573 personam,
700 1508 719 1552 a
742 1508 806 1572 qua
830 1488 909 1571 quid
932 1486 1052 1551 factum
1077 1494 1134 1569 est,
1159 1485 1291 1552 Cassius
1312 1492 1473 1574 praeposi·

297 1605 416 1666 tionem
452 1601 537 1682 τοροὶ
572 1622 645 1666 cum
682 1603 825 1686 genitivo
857 1601 1004 1665 adhibuit
1034 1619 1128 1683 saepe
1151 1620 1209 1685 pro
1235 1602 1360 1686 vulgari
1383 1622 1472 1688 prae

296 1719 454 1802 positione
478 1716 536 1781 ὑτὸ
559 1717 598 1781 ad
622 1715 831 1780 indicandum
856 1720 1020 1779 auctorem
1041 1715 1186 1778 actionis.
1209 1713 1359 1800 Denique
1370 1737 1474 1801 pauca

296 1832 442 1895 dicamus
477 1832 516 1895 de
549 1830 737 1894 auctoribus
770 1831 859 1913 ipsis,
891 1830 947 1914 qui
979 1830 1136 1893 actionem
1163 1829 1261 1893 verbo
1285 1850 1471 1915 expressam

296 1944 519 2028 perfecerunt:
562 2015 563 2020 ,

341 2057 377 2122 Β.
401 2056 495 2134 Quod
519 2058 633 2122 attinet
655 2058 696 2121 ad
715 2062 862 2122 auctores
882 2057 1018 2120 actionis
1032 2054 1138 2119 verbis
1152 2057 1290 2139 passivis
1302 2059 1470 2125 indicatae.

339 2172 411 2236 Tria
423 2176 500 2236 sunt
511 2190 629 2256 genera
641 2182 808 2235 auctorum
823 2170 873 2234 vel
886 2170 1055 2233 nominum
1069 2170 1233 2252 agentium
1242 2190 1470 2254 personarum:

340 2288 372 2366 a)
407 2285 644 2350 Personae
679 2287 691 2347 i
703 2303 812 2368 psae
845 2284 956 2348 multis
980 2286 1156 2347 occurrunt
1180 2283 1268 2366 locis,
1292 2305 1424 2371 nempe:

342 2399 425 2479 τοιροὶ
448 2403 501 2464 τοῦ
524 2397 669 2479 Κοιίοοιρος
692 2399 747 2482 45,
771 2400 825 2482 23,
851 2399 887 2478 7,
909 2398 964 2480 45,
989 2398 1043 2478 22,
1068 2397 1105 2476 3,
1132 2397 1186 2478 51,
1199 2396 1230 2479 8,
1247 2399 1350 2483 1,48,
1364 2402 1469 2485 45,3,

280 2528 283 2536 ’
341 2510 426 2593 νιοιροὶ
449 2515 502 2576 τοῦ
522 2511 662 2592 Τιβερίου
687 2513 741 2595 57,
768 2513 819 2595 17,
845 2516 881 2591 7,
908 2512 961 2594 59,
986 2512 1017 2593 2,
1040 2509 1077 2586 4,

339 2627 413 2690 Alia
447 2629 578 2690 nomina
613 2645 822 2710 personarum
854 2624 1026 2689 habemus:
1053 2621 1107 2704 54,
1131 2623 1185 2707 33,
1210 2624 1247 2704 5,
1272 2627 1326 2710 36,
1350 2627 1404 2711 36,
1429 2631 1469 2710 3,

297 2740 349 2822 67,
376 2740 428 2823 15,
454 2741 488 2819 1,
515 2740 569 2823 41,
594 2741 647 2824 62,
671 2741 708 2820 4,
736 2741 788 2824 77,
812 2740 843 2824 8,
868 2741 905 2820 3,
932 2740 985 2823 77,
1009 2743 1040 2822 2,
1064 2745 1101 2823 3,
1130 2731 1469 2826 70,1,1,53,31,4,

329 2851 422 2932 ’ἡμῶν
445 2857 600 2919 occurrit:
626 2856 679 2939 38,
703 2854 758 2939 44,
782 2856 819 2933 4,
845 2854 900 2937 46,
925 2857 978 2938 23,
1003 2857 1040 2935 3,
1067 2858 1120 2940 46,
1145 2859 1199 2941 26,
1224 2859 1244 2921 3
1270 2856 1366 2941 (bis);

341 2967 438 3046 ὑμῶνε
464 2969 518 3053 45,
542 2970 595 3053 24,
619 2970 657 3049 4,
684 2971 736 3053 71,
761 2970 792 3052 5,
816 2971 852 3048 2,
881 2971 933 3052 79,
960 2971 1011 3052 18,
1036 2971 1074 3051 4,
1099 2972 1153 3055 36,
1175 2972 1468 3054 25,3,46,16,2,

339 3082 532 3165 ἀμφοτέρων,
560 3084 614 3168 53,
640 3086 669 3165 l,
694 3085 731 3164 2,
757 3084 810 3167 78,
834 3084 888 3167 37,
914 3084 951 3164 6,
978 3085 1033 3166 50,
1058 3084 1089 3167 6,
1115 3086 1155 3166 2,

339 3201 396 3261 τῶν
419 3194 538 3261 draca:
564 3199 617 3281 52,
641 3198 695 3280 35,
722 3198 759 3275 1,
786 3197 839 3279 67,
866 3198 917 3279 13,
942 3196 981 3276 4,

337 3308 472 3374 adarna:
498 3311 550 3394 70,
575 3312 606 3394 3,
632 3312 669 3390 1,
695 3311 747 3394 79,
774 3309 825 3393 18,
850 3311 885 3390 2,
909 3310 963 3392 55,
991 3311 1043 3393 12,
1069 3311 1123 3390 3ο,
1150 3310 1204 3393 55,
1230 3313 1282 3394 10,
1308 3312 1369 3389 19,

337 3423 463 3490 Deinde
486 3427 708 3489 nominamus:

336 3563 369 3604 ιτ.
405 3543 462 3604 τῶν
497 3536 666 3619 κρειττόνων
698 3538 751 3620 37,
776 3538 829 3619 23,
854 3538 891 3617 3,
924 3536 1079 3620 (quocum
1104 3537 1143 3601 cf.
1170 3560 1204 3600 ιι.
1231 3539 1283 3619 τοῦ
1307 3536 1468 3617 κρείττονος

292 3656 345 3738 52,
370 3656 424 3738 32,
451 3656 481 3737 1,
506 3653 626 3737 quibus
651 3651 756 3716 verbis
780 3651 865 3714 idem
891 3650 1093 3735 significatur
1105 3659 1203 3735 atque
1215 3655 1272 3714 τῶν
1284 3649 1466 3731 κρειττόνων,

293 3768 513 3854 generali
547 3787 646 3832 sensu
670 3765 853 3850 adhibitis);

338 3883 363 3945 oi
385 3879 545 3960 μηνύοντες
568 3883 621 3964 56,
645 3882 699 3963 21,
724 3881 761 3960 3,

338 3995 364 4059 οἱ
389 3996 528 4073 Ῥομνῑοι
553 3995 608 4079 48,
631 3995 685 4078 26,
707 3995 746 4074 2,

337 4109 363 4171 οἱ
385 4107 534 4189 Ἀρμένιον
561 4109 613 4192 77,
637 4110 691 4192 21,
718 4109 753 4186 1,

339 4221 364 4285 οἱ
388 4219 553 4300 τνμμοὶχοι
578 4220 632 4306 49,
657 4222 710 4305 37,
735 4221 772 4302 5,

337 4335 363 4400 οἱ
385 4341 511 4399 τοιιῖτοοι
539 4336 591 4420 77,
616 4337 670 4420 22,
697 4337 741 4416 1,·

337 4448 452 4523 ἑκόντες
476 4450 531 4533 41,
555 4450 608 4534 54,
635 4452 670 4530 1,
695 4448 809 4520 ἑκόντες
833 4447 859 4511 οἱ
881 4445 1024 4527 ἄνθρωποι
1049 4449 1103 4532 53,
1128 4451 1160 4532 2,
1184 4451 1222 4530 6,
