3402 5214
881 553 924 616 22

363 739 419 821 ὑφ’
445 735 538 820 ὦνπερ
562 740 593 812 ἐς
615 738 657 803 τὰ
679 711 821 817 μάλιστα
844 737 894 804 καὶ
913 725 1093 813 σωθήσεσθαι
1112 737 1164 803 καὶ
1182 736 1397 817 τιμηθήσεσθαι
1420 762 1489 820 τρο-

320 854 454 918 eridano.

364 966 420 1032 ubi
456 969 510 1050 „in
534 967 712 1030 amieorum
736 967 1058 1049 necessariorumque
1078 963 1250 1030 manibus''
1273 964 1406 1050 paulum
1431 965 1491 1029 dif-

318 1081 381 1146 fert
404 1102 423 1146 a
446 1078 698 1165 significatione:
725 1079 784 1161 „ab
808 1077 952 1144 amieis'’.

365 1194 582 1280 Opponnntur
594 1195 679 1259 enim
693 1194 778 1259 inter
789 1212 824 1258 se
837 1192 934 1258 verba
947 1190 1131 1275 ἐσφάγησαν
1144 1198 1241 1278 atque
1251 1193 1429 1268 σωθήσεσθαι
1439 1189 1491 1256 καὶ

319 1297 555 1387 etpotamo&
579 1327 682 1373 unum
706 1312 814 1372 autem
838 1307 1048 1391 coniungitur
1070 1327 1144 1373 oum
1156 1309 1395 1391 praepositione
1408 1303 1492 1385 nopai

319 1422 426 1488 addito
450 1422 568 1503 dativo,
590 1420 728 1484 alterum
751 1419 862 1484 itidem
882 1421 1011 1503 passivo
1030 1439 1149 1504 genere
1167 1420 1347 1485 adhibitum
1360 1439 1492 1505 praepo·

318 1536 468 1600 altionem
493 1533 552 1597 ὑπὸ
574 1533 739 1611 adsoisoit3
763 1532 831 1598 fere
854 1534 935 1597 nihil
954 1534 1064 1618 itaque
1084 1535 1242 1608 interesse
1261 1534 1390 1599 videtur
1409 1536 1492 1598 inter

318 1669 415 1714 usum
441 1650 612 1732 utriusque
635 1649 881 1731 praepositionis
903 1653 1014 1712 nostro
1037 1647 1107 1712 looo
1131 1649 1196 1712 nisi
1219 1648 1389 1733 quodiam
1409 1647 1491 1710 dixi-

320 1782 410 1827 mus:
443 1760 527 1842 σαρα
558 1765 621 1833 τοῖς
645 1759 750 1841 φίλας
772 1758 956 1842 ἐσφάγησαν
980 1745 1216 1845 quodammodo
1239 1762 1373 1826 localem
1397 1759 1493 1824 habet

320 1877 385 1940 vim
423 1878 475 1958 „in
508 1874 658 1940 manibus
690 1873 900 1957 amicorum”‚
925 1873 983 1937 ὑπὸ
1007 1893 1083 1940 vero
1107 1878 1164 1939 τῶν
1189 1873 1289 1955 Φίλων
1313 1873 1491 1947 σωθήσεσθαι

319 1993 476 2056 actionem
507 1993 633 2053 tautum
657 1989 778 2052 indicat
801 2008 899 2072 quam
924 1991 1044 2053 amicos
1067 1994 1196 2053 aeluros
1219 2008 1290 2054 esse
1314 1988 1493 2072 sperabant

364 2102 564 2168 Vertsndnm
600 2108 649 2167 est
678 2103 795 2186 igitur:
828 2101 945 2185 (Multi)
969 2104 1064 2167 etiam
1087 2104 1119 2166 in
1145 2105 1323 2168 amioorum
1346 2121 1492 2167 necessa·

319 2218 508 2300 riorumque
539 2216 698 2297 manibus
721 2237 740 2281 a
765 2215 886 2300 quibus
911 2216 961 2280 vel
986 2217 1128 2281 maxime
1151 2222 1314 2282 servatum
1338 2235 1373 2281 se
1395 2221 1492 2299 atque

319 2333 511 2395 honoratum
534 2331 575 2394 iri
598 2329 778 2414 sperabant,
801 2329 962 2395 interfecti
986 2336 1070 2395 sunt.

363 2443 432 2508 Iam
469 2445 611 2508 vidimus
646 2445 832 2528 exemplum
864 2445 928 2528 (38,
950 2446 1003 2528 cil,
1028 2446 1069 2526 1),
1098 2444 1154 2509 nbi
1186 2444 1270 2525 ταρὰ
1301 2445 1491 2510 vertendum

320 2562 388 2623 eret
413 2577 539 2640 „eoram
565 2557 758 2641 quibusdam
785 2558 835 2623 val
858 2559 892 2621 in
912 2564 1006 2623 coetu
1018 2557 1269 2643 personarum'';
1282 2561 1367 2624 idom
1380 2578 1492 2622 ooour-

320 2675 362 2736 rit
391 2674 423 2736 in
458 2671 605 2756 exemplo
628 2674 692 2736 iam
716 2677 810 2737 antea
831 2672 961 2737 laudato
986 2673 1037 2755 57,
1062 2675 1113 2756 21,
1136 2674 1174 2738 3:
1198 2672 1256 2737 ubi
1279 2674 1318 2739 de
1340 2671 1493 2738 laudibus

320 2787 442 2851 dietum
466 2790 515 2850 est
536 2784 656 2870 quibus
680 2785 895 2851 extollebatur
918 2786 1056 2852 Seianus
1080 2805 1187 2851 eoram
1212 2787 1330 2871 populo
1350 2789 1395 2865 (in
1416 2806 1492 2850 oon-

318 2901 406 2964 tione
428 2898 553 2982 populi)
576 2903 673 2981 atque
695 2900 729 2961 in
753 2903 938 2963 senatorum
962 2918 1135 2980 oonsessu;
1161 2901 1308 2985 proxime
1332 2900 1373 2964 ad
1393 2900 1492 2984 signi-

318 3012 499 3077 ficationem
537 3009 639 3093 „iri”
674 3012 865 3095 praepositio
896 3011 981 3092 ταρὰ
1003 3013 1142 3076 occurrit
1166 3013 1218 3095 36,
1242 3015 1296 3096 15,
1318 3013 1337 3075 3
1361 3013 1430 3093 (ubi
1453 3016 1493 3079 de

321 3125 694 3211 magistratibus
729 3144 860 3210 quoque
895 3125 1042 3204 dieitur):
1077 3130 1133 3198 τῆς
1167 3125 1329 3207 στρατείας
1362 3150 1394 3190 τ.
1430 3134 1494 3202 τοῖς

320 3239 390 3305 οἴκοι
415 3239 534 3304 τέλεσιν
558 3238 724 3320 doctarum
748 3240 800 3303 hio
823 3240 909 3304 euim
935 3237 1126 3324 significatio
1149 3242 1202 3321 „iu
1222 3247 1315 3306 ooetu
1328 3242 1492 3326 magistra-

319 3352 436 3419 tuum’'
456 3354 523 3418 fere
546 3354 687 3436 evanuit,
710 3355 827 3418 oedens
850 3352 1077 3438 significationi
1104 3353 1195 3436 „ab''.

364 3576 524 3642 Omnibus
547 3577 704 3662 exemplis
728 3576 906 3643 observatis
930 3581 1028 3662 atque
1051 3580 1236 3664 perspectis,
1259 3586 1390 3664 apparat
1410 3600 1494 3647 sem·

320 3711 376 3776 per
398 3691 667 3775 praepositionem
692 3690 776 3771 ταρὰ
798 3709 873 3756 oum
897 3691 1005 3756 dativo
1029 3693 1234 3757 coniunctam
1248 3696 1344 3759 etiam
1356 3696 1390 3758 in
1404 3695 1493 3760 verbi

319 3805 457 3890 passivis
478 3803 591 3868 formis
612 3805 657 3868 ita
680 3822 750 3868 esse
773 3809 969 3889 usurpatam,
994 3809 1031 3870 ut
1054 3805 1195 3871 differret
1217 3826 1236 3871 a
1258 3810 1495 3892 praepositione

321 3918 380 3983 ὑπὸ
403 3937 478 3982 oum
500 3919 651 4001 genetivo
674 3919 857 4000 coniuncta,
879 3937 963 4004 quae
986 3919 1084 4004 vulgo
1106 3921 1245 4004 passivis
1270 3920 1357 3986 verbi
1382 3922 1494 3990 formis

320 4033 458 4097 additur.
493 4029 622 4094 Nostris
655 4030 740 4094 enim
775 4029 854 4095 locis
888 4030 954 4097 lero
988 4050 1114 4116 semper
1147 4051 1314 4117 personas,
1344 4037 1384 4100 ad
1409 4057 1494 4121 quas

321 4145 512 4231 praepositio
546 4144 694 4227 pertinet,
727 4144 880 4209 loeum
913 4149 1023 4210 tenere
1055 4144 1234 4230 finguntur,
1267 4149 1361 4213 iuxta
1396 4170 1493 4235 quem

320 4260 482 4344 (quamvis
504 4258 668 4338 translate)
692 4257 770 4340 quid
793 4257 838 4341 fit,
861 4257 913 4323 vel
935 4258 1125 4323 iudioiu
1139 4278 1170 4323 m
1194 4260 1299 4327 faeere
1318 4261 1495 4330 deaotione

321 4392 404 4459 quae
426 4373 703 4437 commemoratur.

364 4486 524 4552 Paulatim
559 4483 663 4548 minui
696 4488 794 4568 atque
824 4484 994 4550 extenuari
1017 4484 1100 4548 bauo
1123 4485 1389 4570 significationem
1412 4493 1494 4558 uidi·
