<?xml version="1.0" encoding="UTF-8"?>
<!DOCTYPE html PUBLIC "-//W3C//DTD XHTML 1.0 Transitional//EN"
    "http://www.w3.org/TR/xhtml1/DTD/xhtml1-transitional.dtd">
<html xmlns="http://www.w3.org/1999/xhtml" xml:lang="en" lang="en">
 <head>
  <title>
</title>
<meta http-equiv="Content-Type" content="text/html;charset=utf-8" />
  <meta name='ocr-system' content='tesseract 3.04.00' />
  <meta name='ocr-capabilities' content='ocr_page ocr_carea ocr_par ocr_line ocrx_word'/>
</head>
<body>
  <div class='ocr_page' id='page_1' title='image "./depraepositioni00nawigoog_0036.png"; bbox 0 0 3378 5222; ppageno 0'>
   <div class='ocr_carea' id='block_1_1' title="bbox 634 1537 1076 1615">
    <p class='ocr_par' dir='ltr' id='par_1_1' title="bbox 634 1537 1076 1615">
     <span class='ocr_line' id='line_1_1' title="bbox 634 1537 1076 1615; baseline 0.009 -3"><span class='ocrx_word' id='word_1_1' title='bbox 634 1537 799 1612; x_wconf 81' lang='lat' dir='ltr'>CAPUT</span> <span class='ocrx_word' id='word_1_2' title='bbox 824 1537 1076 1615; x_wconf 83' lang='lat' dir='ltr'><strong>ALTERUM.</strong></span> 
     </span>
    </p>
   </div>
   <div class='ocr_carea' id='block_1_2' title="bbox 760 1835 954 1846">
    <p class='ocr_par' dir='ltr' id='par_1_2' title="bbox 760 1835 954 1846">
     <span class='ocr_line' id='line_1_2' title="bbox 760 1835 954 1846; baseline 0.01 -2"><span class='ocrx_word' id='word_1_3' title='bbox 760 1835 954 1846; x_wconf 74' lang='lat'>——..</span> 
     </span>
    </p>
   </div>
   <div class='ocr_carea' id='block_1_3' title="bbox 433 2068 1285 2161">
    <p class='ocr_par' dir='ltr' id='par_1_3' title="bbox 433 2068 1285 2161">
     <span class='ocr_line' id='line_1_3' title="bbox 433 2068 1285 2161; baseline 0.008 -28"><span class='ocrx_word' id='word_1_4' title='bbox 433 2068 483 2134; x_wconf 87' lang='lat' dir='ltr'><strong>De</strong></span> <span class='ocrx_word' id='word_1_5' title='bbox 500 2073 732 2156; x_wconf 71' lang='lat' dir='ltr'><strong><em>praepositione</em></strong></span> <span class='ocrx_word' id='word_1_6' title='bbox 755 2074 838 2155; x_wconf 81' lang='grc' dir='ltr'><em>πωρύ</em></span> <span class='ocrx_word' id='word_1_7' title='bbox 860 2095 931 2142; x_wconf 84' lang='lat' dir='ltr'><strong>cnm</strong></span> <span class='ocrx_word' id='word_1_8' title='bbox 951 2077 1087 2161; x_wconf 77' lang='lat' dir='ltr'><strong>panitiae</strong></span> <span class='ocrx_word' id='word_1_9' title='bbox 1109 2076 1285 2142; x_wconf 81' lang='lat' dir='ltr'><strong>coniuncto.</strong></span> 
     </span>
    </p>
   </div>
   <div class='ocr_carea' id='block_1_4' title="bbox 266 2284 1443 4530">
    <p class='ocr_par' dir='ltr' id='par_1_4' title="bbox 267 2284 1443 2489">
     <span class='ocr_line' id='line_1_4' title="bbox 312 2284 1443 2375; baseline 0.009 -29"><span class='ocrx_word' id='word_1_10' title='bbox 312 2285 331 2367; x_wconf 67' lang='grc' dir='ltr'>ξ</span> <span class='ocrx_word' id='word_1_11' title='bbox 357 2286 384 2347; x_wconf 85' lang='lat'><strong>1.</strong></span> <span class='ocrx_word' id='word_1_12' title='bbox 409 2284 577 2361; x_wconf 80' lang='lat' dir='ltr'>Quatenus</span> <span class='ocrx_word' id='word_1_13' title='bbox 601 2292 745 2352; x_wconf 88' lang='lat' dir='ltr'><strong>veterum</strong></span> <span class='ocrx_word' id='word_1_14' title='bbox 768 2291 1051 2372; x_wconf 86' lang='lat' dir='ltr'><strong>grammaticorum</strong></span> <span class='ocrx_word' id='word_1_15' title='bbox 1075 2296 1297 2375; x_wconf 87' lang='lat' dir='ltr'><strong>praeceptum:</strong></span> <span class='ocrx_word' id='word_1_16' title='bbox 1319 2293 1336 2364; x_wconf 75' lang='grc' dir='ltr'><em>η</em></span> <span class='ocrx_word' id='word_1_17' title='bbox 1358 2290 1443 2373; x_wconf 76' lang='lat' dir='ltr'><strong>rapio</strong></span> 
     </span>
     <span class='ocr_line' id='line_1_5' title="bbox 267 2397 1442 2489; baseline 0.01 -29"><span class='ocrx_word' id='word_1_18' title='bbox 267 2397 419 2479; x_wconf 89' lang='grc' dir='ltr'><em>ε’μψύχων</em></span> <span class='ocrx_word' id='word_1_19' title='bbox 443 2397 535 2472; x_wconf 79' lang='grc' dir='ltr'><em>ἐστίν,</em></span> <span class='ocrx_word' id='word_1_20' title='bbox 558 2398 707 2465; x_wconf 82' lang='lat' dir='ltr'><strong>aCassio</strong></span> <span class='ocrx_word' id='word_1_21' title='bbox 727 2399 831 2465; x_wconf 89' lang='lat' dir='ltr'><strong>Dione</strong></span> <span class='ocrx_word' id='word_1_22' title='bbox 851 2402 1057 2468; x_wconf 76' lang='lat' dir='ltr'><strong>observatum</strong></span> <span class='ocrx_word' id='word_1_23' title='bbox 1078 2405 1128 2486; x_wconf 85' lang='lat' dir='ltr'><strong>sit,</strong></span> <span class='ocrx_word' id='word_1_24' title='bbox 1139 2405 1372 2489; x_wconf 86' lang='lat' dir='ltr'><strong>inquirendum</strong></span> <span class='ocrx_word' id='word_1_25' title='bbox 1385 2413 1442 2472; x_wconf 78' lang='lat' dir='ltr'><strong>est</strong></span> 
     </span>
    </p>

    <p class='ocr_par' dir='ltr' id='par_1_5' title="bbox 266 2512 1443 4078">
     <span class='ocr_line' id='line_1_6' title="bbox 312 2512 1441 2596; baseline 0.008 -20"><span class='ocrx_word' id='word_1_26' title='bbox 312 2512 521 2577; x_wconf 81' lang='lat' dir='ltr'><strong>Grammatici</strong></span> <span class='ocrx_word' id='word_1_27' title='bbox 557 2519 689 2596; x_wconf 82' lang='lat' dir='ltr'><strong>veteres,</strong></span> <span class='ocrx_word' id='word_1_28' title='bbox 724 2516 813 2580; x_wconf 88' lang='lat' dir='ltr'><strong>velut</strong></span> <span class='ocrx_word' id='word_1_29' title='bbox 843 2521 956 2581; x_wconf 81' lang='lat' dir='ltr'><strong>auctor</strong></span> <span class='ocrx_word' id='word_1_30' title='bbox 979 2517 1094 2582; x_wconf 86' lang='lat' dir='ltr'><strong>scholii</strong></span> <span class='ocrx_word' id='word_1_31' title='bbox 1118 2519 1238 2584; x_wconf 91' lang='lat' dir='ltr'><strong>codicis</strong></span> <span class='ocrx_word' id='word_1_32' title='bbox 1261 2519 1378 2584; x_wconf 86' lang='lat' dir='ltr'><strong>Veneti</strong></span> <span class='ocrx_word' id='word_1_33' title='bbox 1402 2521 1441 2585; x_wconf 88' lang='lat' dir='ltr'><strong>ad</strong></span> 
     </span>
     <span class='ocr_line' id='line_1_7' title="bbox 268 2625 1440 2713; baseline 0.006 -23"><span class='ocrx_word' id='word_1_34' title='bbox 268 2625 301 2690; x_wconf 88' lang='grc' dir='ltr'><em>Μ</em></span> <span class='ocrx_word' id='word_1_35' title='bbox 338 2628 416 2689; x_wconf 83' lang='lat'>114:</span> <span class='ocrx_word' id='word_1_36' title='bbox 451 2625 536 2706; x_wconf 79' lang='grc' dir='ltr'><em>ποορύο</em></span> <span class='ocrx_word' id='word_1_37' title='bbox 558 2630 638 2700; x_wconf 81' lang='grc' dir='ltr'><em>νηῶν,</em></span> <span class='ocrx_word' id='word_1_38' title='bbox 664 2625 721 2692; x_wconf 73' lang='grc' dir='ltr'><strong>ἔδει</strong></span> <span class='ocrx_word' id='word_1_39' title='bbox 746 2629 809 2693; x_wconf 74' lang='lat' dir='ltr'><strong>oiri</strong></span> <span class='ocrx_word' id='word_1_40' title='bbox 833 2632 913 2703; x_wconf 83' lang='grc' dir='ltr'><em>νηῶν·</em></span> <span class='ocrx_word' id='word_1_41' title='bbox 938 2630 955 2703; x_wconf 77' lang='grc' dir='ltr'><strong><em>ἡ</em></strong></span> <span class='ocrx_word' id='word_1_42' title='bbox 980 2631 1041 2712; x_wconf 69' lang='grc' dir='ltr'><strong>γὰρ</strong></span> <span class='ocrx_word' id='word_1_43' title='bbox 1065 2631 1149 2711; x_wconf 66' lang='lat' dir='ltr'><strong>rapot</strong></span> <span class='ocrx_word' id='word_1_44' title='bbox 1172 2629 1325 2713; x_wconf 77' lang='grc' dir='ltr'><em>ἐμψύχων</em></span> <span class='ocrx_word' id='word_1_45' title='bbox 1349 2633 1440 2697; x_wconf 80' lang='grc' dir='ltr'><em>ἐστίν·</em></span> 
     </span>
     <span class='ocr_line' id='line_1_8' title="bbox 268 2731 1441 2820; baseline 0.008 -17"><span class='ocrx_word' id='word_1_46' title='bbox 268 2739 352 2820; x_wconf 71' lang='lat' dir='ltr'><strong>rapa</strong></span> <span class='ocrx_word' id='word_1_47' title='bbox 395 2742 467 2815; x_wconf 82' lang='grc' dir='ltr'><em>νηῶν</em></span> <span class='ocrx_word' id='word_1_48' title='bbox 500 2735 548 2804; x_wconf 87' lang='grc' dir='ltr'><strong>ούν</strong></span> <span class='ocrx_word' id='word_1_49' title='bbox 582 2739 649 2805; x_wconf 71' lang='grc' dir='ltr'><strong>ἀντὶ</strong></span> <span class='ocrx_word' id='word_1_50' title='bbox 683 2746 737 2806; x_wconf 75' lang='grc' dir='ltr'><strong>τοῦ</strong></span> <span class='ocrx_word' id='word_1_51' title='bbox 771 2743 834 2807; x_wconf 70' lang='grc' dir='ltr'><strong>ἀπὸ</strong></span> <span class='ocrx_word' id='word_1_52' title='bbox 869 2745 950 2817; x_wconf 81' lang='grc' dir='ltr'><em>νηῶν,</em></span> <span class='ocrx_word' id='word_1_53' title='bbox 986 2750 1134 2809; x_wconf 81' lang='lat' dir='ltr'><strong>auctores</strong></span> <span class='ocrx_word' id='word_1_54' title='bbox 1169 2731 1366 2811; x_wconf 75' lang='lat' dir='ltr'><strong>scholiorum</strong></span> <span class='ocrx_word' id='word_1_55' title='bbox 1401 2748 1441 2812; x_wconf 87' lang='lat' dir='ltr'><strong>ad</strong></span> 
     </span>
     <span class='ocr_line' id='line_1_9' title="bbox 268 2853 1443 2943; baseline 0.008 -25"><span class='ocrx_word' id='word_1_56' title='bbox 268 2853 454 2936; x_wconf 86' lang='lat' dir='ltr'><strong>Odysseam,</strong></span> <span class='ocrx_word' id='word_1_57' title='bbox 478 2853 647 2919; x_wconf 85' lang='lat' dir='ltr'><strong>allatorum</strong></span> <span class='ocrx_word' id='word_1_58' title='bbox 671 2876 690 2919; x_wconf 85' lang='lat' dir='ltr'><strong>a</strong></span> <span class='ocrx_word' id='word_1_59' title='bbox 711 2855 844 2921; x_wconf 87' lang='lat' dir='ltr'><strong>Lehrsio</strong></span> <span class='ocrx_word' id='word_1_60' title='bbox 867 2855 1010 2940; x_wconf 80' lang='lat' dir='ltr'><strong>(Quaest.</strong></span> <span class='ocrx_word' id='word_1_61' title='bbox 1034 2859 1112 2942; x_wconf 91' lang='lat' dir='ltr'><strong>epic.</strong></span> <span class='ocrx_word' id='word_1_62' title='bbox 1133 2877 1204 2942; x_wconf 83' lang='lat' dir='ltr'><strong>pag.</strong></span> <span class='ocrx_word' id='word_1_63' title='bbox 1226 2859 1291 2943; x_wconf 78' lang='lat'><strong>92),</strong></span> <span class='ocrx_word' id='word_1_64' title='bbox 1309 2861 1443 2927; x_wconf 88' lang='lat' dir='ltr'><strong>Ammo·</strong></span> 
     </span>
     <span class='ocr_line' id='line_1_10' title="bbox 267 2968 1440 3059; baseline 0.007 -28"><span class='ocrx_word' id='word_1_65' title='bbox 267 2970 342 3034; x_wconf 91' lang='lat' dir='ltr'><strong>nius</strong></span> <span class='ocrx_word' id='word_1_66' title='bbox 377 2969 438 3052; x_wconf 90' lang='lat' dir='ltr'><strong>(ed.</strong></span> <span class='ocrx_word' id='word_1_67' title='bbox 470 2968 582 3033; x_wconf 84' lang='lat' dir='ltr'><strong>Valck.</strong></span> <span class='ocrx_word' id='word_1_68' title='bbox 613 2989 642 3053; x_wconf 91' lang='lat' dir='ltr'><strong>p.</strong></span> <span class='ocrx_word' id='word_1_69' title='bbox 674 2968 741 3052; x_wconf 74' lang='lat'><strong>20),</strong></span> <span class='ocrx_word' id='word_1_70' title='bbox 763 2968 955 3034; x_wconf 80' lang='lat' dir='ltr'><strong>Eustathius</strong></span> <span class='ocrx_word' id='word_1_71' title='bbox 978 2969 1091 3054; x_wconf 75' lang='lat'>(1134,</span> <span class='ocrx_word' id='word_1_72' title='bbox 1116 2971 1173 3051; x_wconf 81' lang='lat'><strong>3⁷3</strong></span> <span class='ocrx_word' id='word_1_73' title='bbox 1201 2970 1239 3034; x_wconf 90' lang='lat' dir='ltr'><strong>cf.</strong></span> <span class='ocrx_word' id='word_1_74' title='bbox 1265 2975 1340 3056; x_wconf 77' lang='lat'><strong>895,</strong></span> <span class='ocrx_word' id='word_1_75' title='bbox 1365 2975 1440 3059; x_wconf 78' lang='lat'><strong>38):</strong></span> 
     </span>
     <span class='ocr_line' id='line_1_11' title="bbox 267 3079 1442 3168; baseline 0.006 -23"><span class='ocrx_word' id='word_1_76' title='bbox 267 3081 320 3155; x_wconf 80' lang='grc' dir='ltr'><strong>την</strong></span> <span class='ocrx_word' id='word_1_77' title='bbox 353 3081 416 3146; x_wconf 67' lang='lat' dir='ltr'><strong>dori</strong></span> <span class='ocrx_word' id='word_1_78' title='bbox 452 3080 584 3161; x_wconf 83' lang='grc' dir='ltr'><em>πρύύεοον</em></span> <span class='ocrx_word' id='word_1_79' title='bbox 617 3079 671 3153; x_wconf 78' lang='grc' dir='ltr'><strong>την</strong></span> <span class='ocrx_word' id='word_1_80' title='bbox 701 3080 764 3144; x_wconf 69' lang='grc' dir='ltr'><strong>ἀπὸ</strong></span> <span class='ocrx_word' id='word_1_81' title='bbox 786 3080 921 3162; x_wconf 83' lang='grc' dir='ltr'><em>οὶψύχων</em></span> <span class='ocrx_word' id='word_1_82' title='bbox 944 3081 1051 3155; x_wconf 78' lang='grc' dir='ltr'><em>δηλοῦν</em></span> <span class='ocrx_word' id='word_1_83' title='bbox 1075 3080 1197 3156; x_wconf 80' lang='grc' dir='ltr'><em>κίνησον,</em></span> <span class='ocrx_word' id='word_1_84' title='bbox 1221 3083 1275 3158; x_wconf 78' lang='grc' dir='ltr'><strong>την</strong></span> <span class='ocrx_word' id='word_1_85' title='bbox 1299 3085 1331 3150; x_wconf 76' lang='grc' dir='ltr'><strong>δὲ</strong></span> <span class='ocrx_word' id='word_1_86' title='bbox 1358 3087 1442 3168; x_wconf 73' lang='grc' dir='ltr'><strong>παρὰ</strong></span> 
     </span>
     <span class='ocr_line' id='line_1_12' title="bbox 267 3194 1441 3281; baseline 0.003 -19"><span class='ocrx_word' id='word_1_87' title='bbox 267 3196 321 3270; x_wconf 78' lang='grc' dir='ltr'><strong>νην</strong></span> <span class='ocrx_word' id='word_1_88' title='bbox 342 3196 405 3260; x_wconf 72' lang='grc' dir='ltr'><strong>ἀπὸ</strong></span> <span class='ocrx_word' id='word_1_89' title='bbox 428 3194 590 3276; x_wconf 81' lang='grc' dir='ltr'><em>ἐμψύχων,</em></span> <span class='ocrx_word' id='word_1_90' title='bbox 614 3196 794 3260; x_wconf 88' lang='lat' dir='ltr'><strong>docuerunt</strong></span> <span class='ocrx_word' id='word_1_91' title='bbox 818 3196 903 3276; x_wconf 72' lang='grc' dir='ltr'><em>πωροι</em></span> <span class='ocrx_word' id='word_1_92' title='bbox 925 3216 1000 3260; x_wconf 92' lang='lat' dir='ltr'><strong>cum</strong></span> <span class='ocrx_word' id='word_1_93' title='bbox 1018 3198 1162 3281; x_wconf 82' lang='lat' dir='ltr'><strong>genitivo</strong></span> <span class='ocrx_word' id='word_1_94' title='bbox 1182 3204 1308 3264; x_wconf 85' lang='lat' dir='ltr'><strong>tantum</strong></span> <span class='ocrx_word' id='word_1_95' title='bbox 1330 3219 1441 3265; x_wconf 87' lang='lat' dir='ltr'><strong>occur·</strong></span> 
     </span>
     <span class='ocr_line' id='line_1_13' title="bbox 266 3310 1442 3398; baseline 0.003 -22"><span class='ocrx_word' id='word_1_96' title='bbox 266 3331 338 3377; x_wconf 87' lang='lat' dir='ltr'><strong>rere</strong></span> <span class='ocrx_word' id='word_1_97' title='bbox 356 3331 430 3376; x_wconf 89' lang='lat' dir='ltr'><strong>oum</strong></span> <span class='ocrx_word' id='word_1_98' title='bbox 452 3310 664 3375; x_wconf 81' lang='lat' dir='ltr'><strong>substantivis</strong></span> <span class='ocrx_word' id='word_1_99' title='bbox 684 3329 837 3394; x_wconf 83' lang='lat' dir='ltr'><strong>personas</strong></span> <span class='ocrx_word' id='word_1_100' title='bbox 851 3310 902 3374; x_wconf 85' lang='lat' dir='ltr'><strong>vel</strong></span> <span class='ocrx_word' id='word_1_101' title='bbox 915 3311 1066 3373; x_wconf 84' lang='lat' dir='ltr'><strong>animalia</strong></span> <span class='ocrx_word' id='word_1_102' title='bbox 1079 3310 1345 3395; x_wconf 84' lang='lat' dir='ltr'><strong>significantibus,</strong></span> <span class='ocrx_word' id='word_1_103' title='bbox 1358 3334 1442 3398; x_wconf 86' lang='lat' dir='ltr'><strong>quae</strong></span> 
     </span>
     <span class='ocr_line' id='line_1_14' title="bbox 266 3424 1441 3508; baseline 0.001 -16"><span class='ocrx_word' id='word_1_104' title='bbox 266 3429 320 3493; x_wconf 85' lang='lat' dir='ltr'><strong>lex</strong></span> <span class='ocrx_word' id='word_1_105' title='bbox 355 3432 440 3492; x_wconf 90' lang='lat' dir='ltr'><strong>recte</strong></span> <span class='ocrx_word' id='word_1_106' title='bbox 475 3444 509 3490; x_wconf 89' lang='lat' dir='ltr'><strong>se</strong></span> <span class='ocrx_word' id='word_1_107' title='bbox 533 3424 628 3490; x_wconf 85' lang='lat' dir='ltr'><strong>habet</strong></span> <span class='ocrx_word' id='word_1_108' title='bbox 650 3426 834 3508; x_wconf 80' lang='lat' dir='ltr'><strong>respicienti</strong></span> <span class='ocrx_word' id='word_1_109' title='bbox 858 3425 962 3488; x_wconf 91' lang='lat' dir='ltr'><strong>solum</strong></span> <span class='ocrx_word' id='word_1_110' title='bbox 988 3443 1082 3489; x_wconf 86' lang='lat' dir='ltr'><strong>usum</strong></span> <span class='ocrx_word' id='word_1_111' title='bbox 1107 3425 1264 3508; x_wconf 89' lang='lat' dir='ltr'><strong>pedestris</strong></span> <span class='ocrx_word' id='word_1_112' title='bbox 1288 3429 1441 3494; x_wconf 86' lang='lat' dir='ltr'><strong>orationis</strong></span> 
     </span>
     <span class='ocr_line' id='line_1_15' title="bbox 266 3537 1439 3624; baseline -0.001 -17"><span class='ocrx_word' id='word_1_113' title='bbox 266 3543 400 3607; x_wconf 81' lang='lat' dir='ltr'><strong>Atticae.</strong></span> <span class='ocrx_word' id='word_1_114' title='bbox 435 3539 538 3605; x_wconf 89' lang='lat' dir='ltr'><strong>Nemo</strong></span> <span class='ocrx_word' id='word_1_115' title='bbox 573 3541 658 3604; x_wconf 90' lang='lat' dir='ltr'><strong>enim</strong></span> <span class='ocrx_word' id='word_1_116' title='bbox 682 3540 809 3622; x_wconf 83' lang='lat' dir='ltr'><strong>ignorat</strong></span> <span class='ocrx_word' id='word_1_117' title='bbox 832 3541 867 3602; x_wconf 93' lang='lat' dir='ltr'><strong>iu</strong></span> <span class='ocrx_word' id='word_1_118' title='bbox 893 3537 1074 3602; x_wconf 87' lang='lat' dir='ltr'><strong>Homericis</strong></span> <span class='ocrx_word' id='word_1_119' title='bbox 1098 3538 1297 3604; x_wconf 79' lang='lat' dir='ltr'><strong>carminibus</strong></span> <span class='ocrx_word' id='word_1_120' title='bbox 1320 3543 1439 3624; x_wconf 88' lang='lat' dir='ltr'><strong>passim</strong></span> 
     </span>
     <span class='ocr_line' id='line_1_16' title="bbox 268 3652 1440 3736; baseline 0 -16"><span class='ocrx_word' id='word_1_121' title='bbox 268 3656 306 3720; x_wconf 88' lang='lat' dir='ltr'><strong>de</strong></span> <span class='ocrx_word' id='word_1_122' title='bbox 335 3653 433 3719; x_wconf 89' lang='lat' dir='ltr'><strong>rebus</strong></span> <span class='ocrx_word' id='word_1_123' title='bbox 467 3655 622 3717; x_wconf 90' lang='lat' dir='ltr'><strong>inanimis</strong></span> <span class='ocrx_word' id='word_1_124' title='bbox 658 3658 845 3736; x_wconf 85' lang='lat' dir='ltr'><strong>usurpatam</strong></span> <span class='ocrx_word' id='word_1_125' title='bbox 880 3671 951 3716; x_wconf 87' lang='lat' dir='ltr'><strong>esse</strong></span> <span class='ocrx_word' id='word_1_126' title='bbox 983 3653 1251 3735; x_wconf 85' lang='lat' dir='ltr'><strong>praepositionem</strong></span> <span class='ocrx_word' id='word_1_127' title='bbox 1278 3652 1379 3734; x_wconf 72' lang='grc' dir='ltr'><em>πωρύος</em></span> <span class='ocrx_word' id='word_1_128' title='bbox 1404 3661 1440 3719; x_wconf 89' lang='lat' dir='ltr'><strong>ut</strong></span> 
     </span>
     <span class='ocr_line' id='line_1_17' title="bbox 266 3764 1439 3852; baseline 0 -20"><span class='ocrx_word' id='word_1_129' title='bbox 266 3769 329 3832; x_wconf 85' lang='lat' dir='ltr'><strong>elia</strong></span> <span class='ocrx_word' id='word_1_130' title='bbox 363 3769 507 3831; x_wconf 85' lang='lat' dir='ltr'><strong>omittam</strong></span> <span class='ocrx_word' id='word_1_131' title='bbox 539 3767 725 3850; x_wconf 86' lang='lat' dir='ltr'><strong>saepissime</strong></span> <span class='ocrx_word' id='word_1_132' title='bbox 749 3764 832 3848; x_wconf 74' lang='grc' dir='ltr'><em>νοωροὶ</em></span> <span class='ocrx_word' id='word_1_133' title='bbox 856 3765 921 3840; x_wconf 79' lang='grc' dir='ltr'><em>νηὸς</em></span> <span class='ocrx_word' id='word_1_134' title='bbox 944 3765 995 3830; x_wconf 89' lang='lat' dir='ltr'><strong>vel</strong></span> <span class='ocrx_word' id='word_1_135' title='bbox 1021 3764 1106 3845; x_wconf 79' lang='grc' dir='ltr'><em>νοωρύ</em></span> <span class='ocrx_word' id='word_1_136' title='bbox 1129 3769 1200 3838; x_wconf 81' lang='grc' dir='ltr'><em>νηῶν</em></span> <span class='ocrx_word' id='word_1_137' title='bbox 1223 3766 1342 3852; x_wconf 84' lang='lat' dir='ltr'><strong>legitur</strong></span> <span class='ocrx_word' id='word_1_138' title='bbox 1364 3788 1439 3832; x_wconf 93' lang='lat' dir='ltr'><strong>cum</strong></span> 
     </span>
     <span class='ocr_line' id='line_1_18' title="bbox 266 3876 1440 3964; baseline 0.002 -20"><span class='ocrx_word' id='word_1_139' title='bbox 266 3882 363 3947; x_wconf 88' lang='lat' dir='ltr'><strong>verbo</strong></span> <span class='ocrx_word' id='word_1_140' title='bbox 386 3880 536 3945; x_wconf 87' lang='lat' dir='ltr'><strong>veniendi</strong></span> <span class='ocrx_word' id='word_1_141' title='bbox 559 3881 780 3959; x_wconf 83' lang='lat' dir='ltr'><strong>coniunctum,</strong></span> <span class='ocrx_word' id='word_1_142' title='bbox 802 3885 832 3944; x_wconf 88' lang='lat' dir='ltr'><strong>et</strong></span> <span class='ocrx_word' id='word_1_143' title='bbox 857 3880 931 3963; x_wconf 89' lang='lat' dir='ltr'><strong>quis</strong></span> <span class='ocrx_word' id='word_1_144' title='bbox 954 3885 1003 3944; x_wconf 88' lang='lat' dir='ltr'><strong>est</strong></span> <span class='ocrx_word' id='word_1_145' title='bbox 1022 3882 1100 3964; x_wconf 93' lang='lat' dir='ltr'><strong>quin</strong></span> <span class='ocrx_word' id='word_1_146' title='bbox 1114 3876 1205 3961; x_wconf 77' lang='grc' dir='ltr'><em>ξίφος</em></span> <span class='ocrx_word' id='word_1_147' title='bbox 1220 3878 1440 3961; x_wconf 66' lang='grc' dir='ltr'><em>Ρεροοούμενος</em></span> 
     </span>
     <span class='ocr_line' id='line_1_19' title="bbox 268 3993 1218 4078; baseline -0.002 -18"><span class='ocrx_word' id='word_1_148' title='bbox 268 3995 351 4077; x_wconf 70' lang='lat' dir='ltr'><strong>repa</strong></span> <span class='ocrx_word' id='word_1_149' title='bbox 373 3997 466 4074; x_wconf 83' lang='grc' dir='ltr'><em>μηροῦ</em></span> <span class='ocrx_word' id='word_1_150' title='bbox 490 3993 588 4058; x_wconf 89' lang='lat' dir='ltr'><strong>semel</strong></span> <span class='ocrx_word' id='word_1_151' title='bbox 612 3994 796 4078; x_wconf 88' lang='lat' dir='ltr'><strong>iterumque</strong></span> <span class='ocrx_word' id='word_1_152' title='bbox 819 4012 988 4057; x_wconf 87' lang='lat' dir='ltr'><strong>occurrere</strong></span> <span class='ocrx_word' id='word_1_153' title='bbox 1011 3994 1218 4058; x_wconf 83' lang='lat' dir='ltr'><strong>meminerit?</strong></span> 
     </span>
    </p>

    <p class='ocr_par' dir='ltr' id='par_1_6' title="bbox 267 4107 1441 4530">
     <span class='ocr_line' id='line_1_20' title="bbox 310 4107 1440 4194; baseline -0.003 -19"><span class='ocrx_word' id='word_1_154' title='bbox 310 4110 434 4194; x_wconf 67' lang='lat' dir='ltr'><strong>Tragia</strong></span> <span class='ocrx_word' id='word_1_155' title='bbox 458 4126 589 4192; x_wconf 90' lang='lat' dir='ltr'><strong>quoque</strong></span> <span class='ocrx_word' id='word_1_156' title='bbox 613 4111 724 4190; x_wconf 73' lang='lat' dir='ltr'><strong>potitae</strong></span> <span class='ocrx_word' id='word_1_157' title='bbox 745 4107 910 4171; x_wconf 83' lang='lat' dir='ltr'><strong>interdum</strong></span> <span class='ocrx_word' id='word_1_158' title='bbox 933 4108 1021 4171; x_wconf 90' lang='lat' dir='ltr'><strong>hunc</strong></span> <span class='ocrx_word' id='word_1_159' title='bbox 1041 4126 1137 4171; x_wconf 90' lang='lat' dir='ltr'><strong>usum</strong></span> <span class='ocrx_word' id='word_1_160' title='bbox 1152 4109 1361 4190; x_wconf 85' lang='lat' dir='ltr'><strong>admiserunt,</strong></span> <span class='ocrx_word' id='word_1_161' title='bbox 1373 4127 1399 4174; x_wconf 91' lang='lat' dir='ltr'><strong>e.</strong></span> <span class='ocrx_word' id='word_1_162' title='bbox 1410 4130 1440 4193; x_wconf 87' lang='lat' dir='ltr'><strong>g.</strong></span> 
     </span>
     <span class='ocr_line' id='line_1_21' title="bbox 267 4217 1439 4307; baseline -0.004 -19"><span class='ocrx_word' id='word_1_163' title='bbox 267 4223 439 4307; x_wconf 84' lang='lat' dir='ltr'><strong>Euripides</strong></span> <span class='ocrx_word' id='word_1_164' title='bbox 470 4220 599 4305; x_wconf 84' lang='lat' dir='ltr'><strong>(Bacch.</strong></span> <span class='ocrx_word' id='word_1_165' title='bbox 625 4220 718 4304; x_wconf 86' lang='lat'>118):</span> <span class='ocrx_word' id='word_1_166' title='bbox 744 4219 804 4301; x_wconf 65' lang='grc' dir='ltr'><strong>ἀφ’</strong></span> <span class='ocrx_word' id='word_1_167' title='bbox 830 4219 918 4284; x_wconf 80' lang='grc' dir='ltr'><em>ἱστῶν</em></span> <span class='ocrx_word' id='word_1_168' title='bbox 942 4218 1026 4299; x_wconf 67' lang='lat' dir='ltr'><strong>napa</strong></span> <span class='ocrx_word' id='word_1_169' title='bbox 1049 4217 1192 4300; x_wconf 76' lang='grc' dir='ltr'><em>κερκίδων</em></span> <span class='ocrx_word' id='word_1_170' title='bbox 1216 4221 1245 4284; x_wconf 82' lang='grc' dir='ltr'><strong>τ’</strong></span> <span class='ocrx_word' id='word_1_171' title='bbox 1270 4219 1439 4302; x_wconf 74' lang='grc' dir='ltr'><em>οἰστρηθεὶς·</em></span> 
     </span>
     <span class='ocr_line' id='line_1_22' title="bbox 268 4331 1441 4422; baseline 0.003 -27"><span class='ocrx_word' id='word_1_172' title='bbox 268 4337 377 4422; x_wconf 77' lang='lat' dir='ltr'><strong>(Rhoe,</strong></span> <span class='ocrx_word' id='word_1_173' title='bbox 410 4333 506 4417; x_wconf 82' lang='lat'>366):</span> <span class='ocrx_word' id='word_1_174' title='bbox 544 4331 706 4412; x_wconf 77' lang='grc' dir='ltr'><em>οἰχομένων</em></span> <span class='ocrx_word' id='word_1_175' title='bbox 728 4331 858 4405; x_wconf 66' lang='lat' dir='ltr'><strong>’tardior</strong></span> <span class='ocrx_word' id='word_1_176' title='bbox 882 4332 953 4413; x_wconf 70' lang='grc' dir='ltr'><em>πύρ’</em></span> <span class='ocrx_word' id='word_1_177' title='bbox 978 4333 1078 4406; x_wconf 63' lang='lat' dir='ltr'><strong>daria</strong></span> <span class='ocrx_word' id='word_1_178' title='bbox 1101 4332 1157 4417; x_wconf 87' lang='lat' dir='ltr'><strong>(ib.</strong></span> <span class='ocrx_word' id='word_1_179' title='bbox 1181 4333 1278 4418; x_wconf 81' lang='lat'>385):</span> <span class='ocrx_word' id='word_1_180' title='bbox 1304 4333 1441 4412; x_wconf 77' lang='grc' dir='ltr'><em>κόμπους</em></span> 
     </span>
     <span class='ocr_line' id='line_1_23' title="bbox 270 4445 1230 4530; baseline -0.003 -17"><span class='ocrx_word' id='word_1_181' title='bbox 270 4449 353 4530; x_wconf 73' lang='lat' dir='ltr'><strong>rapio</strong></span> <span class='ocrx_word' id='word_1_182' title='bbox 375 4445 536 4528; x_wconf 78' lang='grc' dir='ltr'><em>πορπούκων</em></span> <span class='ocrx_word' id='word_1_183' title='bbox 559 4445 771 4518; x_wconf 75' lang='grc' dir='ltr'><em>κελοοδούνοοος.</em></span> <span class='ocrx_word' id='word_1_184' title='bbox 794 4446 857 4511; x_wconf 82' lang='lat' dir='ltr'><strong>Sed</strong></span> <span class='ocrx_word' id='word_1_185' title='bbox 882 4446 921 4510; x_wconf 86' lang='lat' dir='ltr'><strong>de</strong></span> <span class='ocrx_word' id='word_1_186' title='bbox 944 4447 1033 4511; x_wconf 86' lang='lat' dir='ltr'><strong>hisce</strong></span> <span class='ocrx_word' id='word_1_187' title='bbox 1055 4448 1120 4510; x_wconf 86' lang='lat' dir='ltr'><strong>iam</strong></span> <span class='ocrx_word' id='word_1_188' title='bbox 1144 4448 1230 4512; x_wconf 83' lang='lat' dir='ltr'><strong>satis.</strong></span> 
     </span>
    </p>
   </div>
   <div class='ocr_carea' id='block_1_5' title="bbox 0 0 1694 5222">
    <p class='ocr_par' dir='ltr' id='par_1_7' title="bbox 0 0 1694 5222">
     <span class='ocr_line' id='line_1_24' title="bbox 0 0 1694 5222; baseline 0 0"><span class='ocrx_word' id='word_1_189' title='bbox 0 0 1694 5222; x_wconf 95' lang='lat' dir='ltr'><strong> </strong></span> 
     </span>
    </p>
   </div>
  </div>
 </body>
</html>
