3400 5212
830 519 871 582 52

264 704 425 788 στεφάνοις
457 711 601 786 προσῆκον
631 706 683 769 οὐκ
707 701 831 780 ἕδὲξοοτο
855 704 909 788 (ab
935 705 1070 770 urbibus
1094 725 1209 770 aurum
1233 707 1435 770 coronarium

263 841 328 884 non
352 820 506 904 aceepit);

309 935 361 1012 37,
398 935 450 1012 51,
483 936 520 997 4:
556 931 613 1006 τοὶς
645 931 813 1012 εὐερνεοίοος
839 956 873 994 τ.
898 935 954 996 τῶν
979 929 1106 1012 <budion
1130 932 1235 1012 ἀνδρῶν
1260 931 1350 1006 ἡδέως
1373 932 1435 995 ἐδέ-

263 1072 353 1128 χοντο
377 1048 545 1133 (beneficia
570 1069 589 1112 a
612 1049 705 1114 malis
729 1050 807 1112 viris
830 1027 968 1112 libenter
989 1047 1210 1133 accipiebant).

310 1165 362 1241 55,
387 1164 439 1242 25,
463 1164 500 1225 3;
532 1160 615 1242 ποιροο
640 1161 791 1240 βασιλέοιν
815 1161 915 1239 δήμιον
940 1185 974 1225 τε
998 1165 1082 1224 τινῶν
1106 1158 1435 1238 ἑποιννολίοοςὲδὲξοοτο

263 1277 434 1361 (promissa
457 1295 475 1339 a
498 1275 629 1360 regibus
653 1276 846 1361 populisque
870 1275 1064 1359 quibusdam
1088 1275 1242 1358 admisit).

309 1391 362 1468 48,
397 1390 450 1468 26,
486 1391 523 1452 4;
561 1385 698 1462 ἐδέξαντο
724 1389 794 1468 παρ’
819 1389 911 1452 οούτοῦ
937 1386 1077 1469 Φρονρούς
1101 1387 1310 1472 (praesidium
1335 1389 1374 1452 ab
1398 1409 1436 1454 eo

263 1504 477 1588 aeceperunt).

309 1617 375 1702 [40,
412 1619 464 1696 28,
501 1620 537 1681 2;
573 1613 657 1689 οὗτος
689 1615 836 1696 γὰρ...
861 1620 918 1679 τῶν
942 1641 977 1680 τε
999 1620 1276 1696 οτροιτιοιτῶν....
1302 1614 1436 1679 διδόντων

264 1730 316 1794 uui
342 1729 463 1811 προσέτι
487 1729 538 1793 uui
563 1731 635 1810 παρ’
660 1731 753 1793 οιὺτοῦ
778 1727 885 1793 ἐκείνου
909 1728 1037 1792 ἐθελοντὶ
1052 1779 1058 1794 .
1073 1779 1080 1794 .
1096 1776 1125 1794 ..
1150 1728 1362 1809 ἐπιτρέποντος
1384 1730 1436 1792 οὐκ

264 1840 397 1919 ἐδέξαντο.
433 1844 581 1909 Sturaius
612 1845 646 1907 in
669 1845 756 1909 calce
778 1845 914 1928 paginae
932 1844 1082 1910 editionis
1105 1862 1183 1908 suae
1206 1845 1284 1909 haec
1307 1845 1438 1909 adnotat

267 1958 359 2040 ,παρ’
395 1963 469 2023 ante
503 1959 596 2021 αὐτοῦ
632 1957 739 2022 ἐκείνου
774 1958 946 2023 delendum
982 1957 1147 2038 videtur”3
1180 1957 1370 2023 Boissevain
1401 1960 1437 2021 in

264 2073 404 2137 editione
428 2091 488 2136 sua
511 2071 570 2135 hae
593 2073 799 2137 adnotatione
822 2071 959 2136 libenter
983 2091 1063 2136 usus
1088 2070 1160 2151 ποορ
1184 2073 1314 2136 uncinis
1333 2071 1437 2135 inclu-

264 2187 316 2264 sit,
352 2184 385 2248 id
417 2185 503 2268 quod
536 2186 615 2248 mihi
639 2203 770 2269 quoque
792 2188 878 2250 recte
902 2203 936 2250 se
961 2183 1076 2249 habere
1100 2184 1244 2265 videtur;
1268 2186 1438 2249 immemor

263 2299 350 2363 enim
385 2297 615 2362 vocabulorum
650 2298 910 2383 praecedentium
943 2303 1040 2383 atque
1071 2299 1215 2363 intentus
1238 2299 1278 2362 ad
1302 2297 1435 2363 verbum

264 2407 387 2486 ἐδέξατο
403 2414 671 2496 praepositionem
686 2411 770 2492 ποιροο
783 2413 973 2477 adiunxisse
986 2414 1114 2478 videtur
1125 2413 1256 2496 quidam
1268 2434 1276 2492 3
1290 2413 1317 2476 si
1329 2416 1437 2477 autem

262 2527 454 2610 inspicimus
487 2530 584 2590 totam
611 2527 865 2592 enuntiationem
889 2526 982 2591 facile
1006 2531 1136 2610 apparet
1160 2531 1246 2590 arcte
1269 2525 1437 2592 cohaerere

263 2647 441 2726 utrumque
463 2642 643 2725 genitivum
668 2640 852 2706 absolutum
878 2645 934 2704 τῶν
959 2664 1065 2722 πτροιτ,
1087 2639 1221 2704 διδόντων
1233 2646 1331 2725 atque
1343 2642 1436 2705 acron

265 2754 372 2819 ἐκείνου
408 2755 628 2836 ἐπιτρέποντος,
662 2757 849 2840 praesertim
884 2775 960 2822 cum
993 2757 1139 2820 animum
1170 2755 1367 2820 advertimus
1397 2756 1438 2820 ad

263 2868 458 2934 vocabulum
483 2871 655 2954 copulandi
680 2871 711 2933 vi
735 2870 914 2954 praeditum
939 2868 1071 2950 προσέτι,
1095 2871 1140 2934 ita
1163 2875 1200 2934 ut
1223 2869 1387 2953 superflua
1406 2874 1438 2934 et

265 2986 397 3053 molesta
421 2986 570 3049 videatur
592 2986 786 3069 praepositio
811 2983 916 3069 rapuit

308 3096 498 3182 Sequuntur
521 3099 698 3182 composita
721 3098 879 3183 quaedam
904 3097 993 3162 verbi
1017 3095 1176 3176 δέχεποοιε

308 3212 362 3290 43,
387 3213 440 3290 39,
465 3214 501 3276 2;
533 3211 659 3293 Φρουρὰν
684 3213 756 3292 παρ’
780 3212 871 3276 οιύτοῦ
896 3208 1069 3286 teretium
1094 3208 1247 3295 (ἐδέξαντο
1271 3229 1386 3295 nempe
1409 3211 1438 3283 ἔς

265 3325 318 3398 τὴν
342 3323 454 3408 πόλιν).

311 3439 363 3518 74,
389 3440 441 3518 14,
466 3441 503 3503 6:
533 3438 657 3512 πάντες,
683 3439 766 3519 ποοροὶ
790 3425 921 3519 ποῦ’προ
944 3439 1038 3502 αὐτοῦ
1060 3438 1072 3501 ὁ
1096 3435 1201 3519 ἕτερος,
1225 3436 1277 3510 τήν
1302 3462 1336 3502 τε
1359 3438 1438 3516 ἠχὴν
1478 3431 1480 3438 ⁴

264 3553 316 3617 κοοὶ
351 3552 405 3627 τὴν
440 3552 539 3634 Φοινὶρν
574 3552 741 3632 διέδεχοντό
775 3578 809 3618 τε
841 3553 891 3616 aui
917 3552 1174 3634 papinianum
1198 3572 1303 3618 sermo
1327 3558 1376 3618 est
1399 3553 1438 3617 de

264 3672 386 3752 septem
412 3665 532 3747 πόρνοις
556 3668 613 3752 qui
636 3687 654 3731 a
676 3675 768 3752 porta
790 3668 923 3732 Thracia
944 3669 980 3731 in
1004 3668 1084 3734 urbe
1106 3667 1265 3748 Byzantio
1290 3667 1331 3731 ad
1351 3685 1438 3731 mare

264 3779 484 3864 pertinebant;
521 3782 549 3846 si
584 3783 657 3865 quis
680 3783 816 3866 primam
841 3801 951 3847 earum
975 3783 1114 3846 turrium
1138 3782 1346 3846 acclamasset
1370 3782 1438 3846 sive

264 3895 403 3978 lapidem
425 3896 598 3973 iniecisset,
622 3897 691 3978 ipsa
715 3913 832 3959 sonum
857 3899 888 3959 et
912 3914 1007 3960 voees
1027 3893 1191 3974 reddebat,
1211 3896 1310 3979 idque
1330 3897 1438 3978 ipsum

263 4009 446 4074 faciendum
466 4008 558 4074 alteri
570 4007 731 4089 tradebat3
742 4013 839 4093 atque
850 4010 896 4072 ita
907 4009 968 4072 alia
981 4010 1081 4073 turris
1093 4027 1150 4092 per
1162 4010 1249 4074 vices
1262 4029 1280 4072 a
1292 4009 1438 4092 proxime

263 4123 462 4188 antecedenti
486 4143 602 4188 sonum
628 4141 805 4207 vocemque
829 4127 989 4205 acceptam
1014 4121 1054 4184 ad
1074 4121 1169 4185 aliam
1190 4121 1438 4186 transmittebat.

308 4235 450 4300 Verbum
488 4235 681 4314 διοιδέχεπθοιι
717 4239 837 4321 itaque,
874 4235 960 4320 quod
997 4234 1095 4319 vulgo
1127 4236 1167 4299 de
1196 4254 1297 4320 regno
1321 4237 1438 4300 dieitur

264 4351 351 4434 quod
374 4351 448 4434 quis
470 4371 488 4415 a
512 4351 678 4416 decessore
701 4353 822 4435 accepit
845 4351 946 4414 veluti
970 4349 1055 4433 apud
1081 4349 1253 4430 Polybium
1278 4351 1323 4435 (9,
1337 4352 1390 4429 28,
1405 4347 1438 4432 8)

264 4465 420 4548 aliosque,
455 4464 622 4549 Antiphon
657 4467 752 4529 etiam
785 4465 824 4528 de
855 4461 950 4540 νόμοις
984 4467 1117 4546 usurpat
1147 4463 1204 4545 qui
1227 4483 1246 4527 a
1269 4464 1318 4529 dis
1342 4470 1438 4548 atque

908 4706 1095 4744 ,μγ
