3400 5212
807 534 849 600 41

244 727 380 809 eiusque
403 721 589 809 oomposita.
608 721 743 787 Initium
766 723 877 806 itaque
897 721 1053 787 faciamus
1076 742 1095 786 a
1118 721 1233 788 verbis
1248 743 1332 808 qnae
1356 744 1417 788 ao-

243 840 403 923 oipien
417 837 460 901 di
496 836 615 901 habent
643 838 818 919 notionem,
840 837 892 901 rel
915 837 1043 920 proprio
1068 836 1119 900 vel
1142 837 1296 902 translato
1319 857 1418 903 sensu

243 953 419 1036 usurpatis.
454 950 599 1016 Verbum
635 947 809 1027 λαμβάνειν
843 949 951 1014 addita
975 951 1210 1034 praepositione
1234 949 1319 1032 ταρά
1342 971 1417 1017 oum

242 1068 384 1152 genitivo
419 1067 593 1129 coniuncta
628 1064 715 1148 apud
746 1082 858 1142 omnes
890 1065 1064 1148 scriptores
1088 1062 1228 1129 Graecos
1251 1083 1419 1132 ooourrere

242 1180 366 1244 nemini
399 1179 546 1262 ignotum
569 1182 635 1255 est3
660 1178 748 1262 apud
771 1175 909 1242 Dionem
932 1195 1064 1262 quoqne
1086 1177 1147 1242 hoo
1171 1176 1306 1242 verbnm
1330 1179 1419 1244 velut

240 1294 342 1358 instar
377 1309 448 1356 esse
481 1292 627 1354 omnium
657 1288 828 1355 verborum
854 1289 1040 1374 exquibus
1065 1288 1150 1370 ταρά
1175 1310 1250 1355 oum
1274 1293 1418 1376 genitivo

242 1407 369 1492 pendet,
391 1405 485 1469 facite
507 1402 673 1488 apparebit
697 1422 739 1468 ex
763 1404 921 1488 exemplis
944 1404 1092 1468 laudatis.

285 1517 359 1584 Duo
393 1521 522 1583 exstant
555 1517 618 1582 looi
641 1515 761 1601 quibus
786 1516 884 1582 verba
906 1516 1000 1580 αἰτεῖν
1023 1522 1122 1602 atque
1145 1516 1319 1595 λαμβάνειν
1343 1538 1418 1583 oon·

242 1637 352 1699 innota
386 1636 561 1697 ooonrrnnt
596 1636 632 1695 ut
665 1631 857 1715 praepositio
883 1631 931 1694 ad
962 1635 1139 1720 utrumque
1163 1630 1297 1696 verbum
1321 1633 1418 1717 perti·

244 1752 328 1830 neat,
350 1764 480 1830 nempe:

289 1863 340 1941 89,
363 1863 400 1924 4:
426 1859 506 1937 μήτε
526 1857 595 1931 τοὺς
615 1857 803 1936 αὐτομόλους
823 1858 904 1936 μήτε
924 1857 1053 1940 Φρουράν
1066 1863 1253 1940 στρατιωτῶν
1266 1858 1418 1937 Ῥωμαίων

243 1974 371 2049 αἰτήσας
395 1973 466 2054 παρ’
491 1973 585 2037 αὐτοῦ
610 1970 733 2050 ἔλαβεν.

289 2090 340 2172 37,
363 2090 416 2172 46,
441 2089 477 2152 3;
504 2086 632 2169 Φρουράν
653 2111 688 2150 τι.
711 2095 766 2162 τῆς
787 2087 902 2166 βουλῆς
922 2086 973 2151 καὶ
986 2085 1174 2161 αἰτησάντων
1186 2086 1238 2151 καὶ
1251 2086 1416 2166 λαβόντων,

244 2223 327 2288 quae
349 2204 498 2288 exempla
521 2204 631 2286 itaque
655 2201 717 2266 sub
741 2201 839 2266 verbo
863 2201 960 2265 αἰτεῖν
980 2220 1111 2286 quoqne
1131 2202 1419 2268 memorandeesse

244 2317 404 2382 videntur.

287 2430 434 2495 Primum
468 2430 640 2494 dioendnm
676 2433 725 2494 est
758 2429 797 2493 de
820 2430 948 2513 propria
972 2428 1215 2514 significatione,
1240 2431 1355 2496 deinde
1379 2431 1418 2496 de

243 2544 405 2609 translatis
440 2542 645 2625 dictionibus,
675 2543 709 2605 in
741 2541 861 2626 quibus
885 2543 1018 2609 verbum
1043 2541 1218 2622 λαμβάνειν
1241 2549 1418 2628 usurpetur

243 2660 451 2723 coniunctum
475 2676 550 2721 cnm
574 2657 810 2741 praepositione
833 2653 927 2737 ταρά.

285 2771 511 2837 Libentissime
552 2771 821 2855 praepositionem
859 2769 943 2850 ταρά
977 2791 1052 2836 ουτοι
1088 2773 1230 2856 genitivo
1264 2772 1415 2837 adsoisoit

241 2886 377 2952 verbnm
402 2883 574 2962 λαμβάνειν
596 2887 631 2948 in
654 2885 695 2949 iis
715 2885 871 2971 exemplis
891 2884 948 2949 nbi
967 2884 1164 2950 obieotilooo
1177 2884 1415 2950 substantivum

243 3003 383 3064 occurrit
406 3017 470 3084 quo
500 2997 578 3082 qnid
600 2998 763 3062 indicatur
781 2998 951 3083 aquodam
964 2999 1005 3063 ad
1017 2999 1117 3064 alium
1130 3000 1266 3064 missum
1279 3001 1417 3081 muneri,

241 3114 320 3196 sive,
345 3113 432 3197 quod
456 3113 558 3196 magis
581 3113 706 3176 notioni
728 3113 972 3196 praepositionis
997 3112 1081 3192 παρά
1100 3114 1260 3197 convenit,
1273 3118 1415 3178 tanturn·

243 3227 338 3291 modo
356 3227 521 3290 indicatur
545 3246 584 3307 ,a
608 3226 776 3290 cuiusdam
805 3233 894 3312 parte
917 3227 1040 3311 aliquid
1063 3229 1201 3292 missum
1225 3227 1326 3311 esse”,
1347 3228 1415 3293 sive

243 3339 442 3426 significatur
468 3340 614 3423 ,propria
638 3359 737 3404 manu
761 3341 897 3406 alterum
921 3341 1013 3405 alteri
1036 3359 1103 3406 rem
1129 3340 1330 3407 tradidisse''.

285 3453 379 3519 Dona
401 3458 488 3535 sunt,
510 3455 674 3536 pecuniae,
698 3455 830 3532 auxilia,
852 3473 903 3520 res
928 3474 1011 3540 qnae
1034 3456 1078 3519 ita
1101 3457 1281 3520 traduntur.

285 3567 375 3633 Haeo
397 3571 474 3632 sunt
497 3583 581 3650 quae
604 3563 666 3630 Dio
689 3565 821 3650 praebet
845 3568 1011 3652 exempla:

286 3682 437 3762 χρήματα
471 3676 642 3756 λαμβάνειν
674 3703 706 3742 τι.
741 3702 817 3754 τινος
841 3683 893 3765 36,
917 3683 968 3766 53,
993 3684 1031 3764 5,
1056 3683 1107 3766 39,
1132 3684 1183 3764 57,
1207 3684 1227 3746 3
1252 3682 1341 3765 (518),
1363 3685 1415 3766 41,

244 3797 295 3881 63,
319 3798 355 3877 3,
387 3796 439 3875 44,
462 3794 514 3876 43,
540 3794 578 3874 3,
604 3794 656 3876 45,
679 3795 733 3876 40,
756 3797 794 3875 3,
819 3797 871 3877 43,
896 3798 947 3880 39,
972 3795 1010 3876 3,
1036 3797 1088 3881 43,
1111 3796 1221 3879 47,1,
1247 3797 1299 3879 47,
1322 3798 1351 3879 8,
1376 3799 1413 3878 5,

243 3910 294 3993 47,
319 3911 370 3992 36,
395 3909 432 3988 1,
457 3908 509 3990 47,
533 3907 585 3989 30,
609 3909 646 3988 23
672 3909 725 3991 48,
751 3908 800 3991 10,
826 3909 860 3989 1,
888 3909 939 3992 49,
963 3910 1017 3992 31,
1042 3912 1078 3991 3,
1104 3911 1156 3992 53,
1179 3911 1231 3994 30,
1255 3909 1292 3992 3,
1314 3912 1365 3994 59,
1386 3913 1415 3995 8,

244 4025 281 4105 3,
314 4025 366 4106 64,
396 4022 426 4105 3,
457 4023 493 4084 4⁰
517 4019 633 4102 (ΖΜ),
669 4019 718 4104 71,
744 4021 795 4104 13,
818 4023 856 4102 3,
881 4020 922 4085 τά
947 4021 1101 4102 νικητήρια
1126 4023 1177 4106 56,
1200 4025 1253 4108 43,
1277 4026 1314 4106 3,
1338 4025 1414 4105 δῶρον

244 4150 273 4200 λ.
298 4159 331 4199 τ.
358 4157 435 4207 τινος
460 4135 513 4217 41,
538 4134 574 4215 1,
599 4132 707 4214 δωρεάς
727 4135 780 4219 44,
803 4136 855 4219 33,
879 4138 916 4217 3,
1158 4123 1159 4126 ¹
1233 4129 1234 4132 ¹

286 4246 365 4314 άλλο
389 4273 419 4313 τι
443 4246 577 4328 άρνάριον
601 4249 653 4332 54,
678 4249 730 4332 35,
754 4252 793 4330 3,
820 4251 872 4333 55,
896 4250 947 4333 18,
970 4249 1005 4329 6,
1035 4249 1087 4332 57,
1111 4249 1140 4332 8,
1164 4251 1202 4331 6,

285 4360 404 4442 χρυσίον
429 4360 510 4425 πολύ
538 4362 587 4440 73,
610 4365 640 4446 6,
665 4365 701 4444 1,

286 4480 411 4556 χρυσοῦν
434 4479 616 4559 (nummum
641 4479 788 4558 aureum)
814 4478 865 4560 55,
892 4475 1149 4561 13,4(Χ1ρ1].),

1295 4587 1313 4638 3
