3400 5212
813 547 856 610 53

246 735 421 800 maioribus
455 738 577 820 accepti
612 740 699 813 sunt,
734 736 795 799 hoc
826 735 896 799 loco
920 736 1015 800 aliam
1040 735 1135 801 hahet
1159 737 1334 814 notionem,
1358 755 1418 800 nec

244 854 351 913 tamen
375 849 571 932 incognitam
596 850 630 912 in
654 847 761 913 verbis
786 848 920 921 διελθεῖν,
942 848 1103 913 διαδιδόναι
1129 853 1200 914 cett.
1213 848 1418 931 Thucydides

245 962 290 1047 (1,
316 965 346 1041 9,
375 965 409 1043 l;
437 965 466 1041 l,
492 963 545 1041 20,
570 963 603 1046 1)
627 961 760 1027 verbum
784 963 922 1047 simplex
947 962 1089 1042 δέχεσθαι
1114 963 1242 1028 adhibet
1262 963 1419 1030 derebus

245 1097 326 1162 quas
349 1079 423 1162 quis
446 1077 486 1141 ab
510 1079 572 1142 alio
597 1077 731 1156 audivit,
756 1077 891 1142 auribus
915 1079 1062 1162 percepit.

290 1193 343 1268 24,
369 1192 404 1254 l:
431 1190 501 1271 παρ’
531 1189 638 1255 ἐκείνου
663 1191 720 1275 (sc.
746 1195 798 1254 τοῦ
822 1192 973 1275 συνήθους)
988 1241 996 1256 .
1011 1237 1019 1254 .
1034 1239 1064 1255 ..
1085 1191 1166 1256 οὐδὲν
1180 1190 1418 1272 προσδέχονται,

245 1305 394 1388 sequitur
418 1303 502 1384 παροδ
525 1309 577 1368 τοῦ
601 1300 682 1377 ξένου
697 1353 704 1368 .
720 1354 727 1370 .
742 1353 772 1369 ..
799 1307 861 1368 ισῖιν
883 1303 1067 1384 ἐλπίζουσιν.

291 1419 344 1496 59,
369 1419 420 1496 lc,
445 1420 483 1481 4:
509 1417 556 1481 δεῖ
575 1417 626 1482 καί
651 1417 706 1494 ἐμὲ
731 1417 824 1495 μηδὲν
847 1419 977 1497 χρηστὸν
1001 1419 1072 1499 παρ’
1095 1419 1176 1496 ὑμῶν
1189 1418 1418 1500 προσδέχεσθαι.

244 1530 344 1596 Hisce
367 1531 526 1616 exemplis
548 1530 700 1595 facillime
723 1539 853 1616 apparet
872 1531 1063 1616 significatio
1076 1531 1168 1596 verbi
1182 1530 1418 1613 σροσδέχεσίαι;

245 1645 453 1731 exspectandi
476 1647 561 1710 enim
586 1665 703 1710 sensus
726 1648 819 1711 inest.
845 1645 957 1710 Priore
980 1647 1128 1731 exemplo
1150 1645 1216 1711 fere
1235 1665 1420 1728 synonyma

244 1761 329 1825 inter
356 1779 390 1824 ee
414 1765 490 1824 sunt
513 1758 611 1823 verba
636 1757 853 1838 προσδέχεσθαι
877 1763 975 1844 atque
998 1757 1136 1838 ἐλπίζειν
1159 1758 1264 1844 (Nihil
1287 1778 1419 1845 exspec-

244 1877 314 1938 tant
337 1874 484 1938 homines
507 1893 526 1936 a
547 1891 582 1938 re
605 1874 734 1951 usitata,
759 1875 868 1938 omnia
890 1878 998 1938 autem
1023 1878 1153 1958 sperant
1176 1875 1419 1952 areinusitata‚

243 1986 436 2072 peregrina).
461 1985 514 2051 Sic
537 1986 637 2050 altero
662 1986 810 2070 exemplo
835 1987 936 2069 „nihil
960 1986 1038 2051 boni
1061 1986 1420 2072 mihiavohisexspec·

245 2100 409 2167 tandum'’.

289 2216 342 2294 41,
378 2215 431 2294 31,
467 2216 504 2277 3:
541 2212 582 2277 σοί
617 2237 652 2276 τε
676 2213 834 2288 ἐπιτήδειοι
860 2214 930 2293 παρ’
955 2213 1089 2278 ἑκουσίων
1113 2217 1200 2296 σφῶν
1224 2213 1417 2292 λαμβανετε,

245 2328 296 2392 καί
320 2328 362 2392 σοὶ
384 2327 458 2407 γέρα
483 2327 554 2408 παρ’
579 2325 701 2390 ἑκόντων
722 2305 932 2406 προσδέχεσθε.Ι
958 2327 1119 2412 (Accipite
1139 2327 1178 2392 ab
1191 2330 1233 2394 iis
1245 2347 1297 2394 res
1309 2349 1419 2395 ncces·

244 2443 344 2506 sarias
376 2463 457 2527 quas
481 2447 594 2526 sponte
617 2461 677 2506 sua
701 2440 792 2505 vohis
816 2441 993 2516 donabunt,
1019 2461 1153 2506 munera
1176 2462 1308 2528 quoque
1332 2445 1417 2508 ultro

246 2556 336 2621 robis
360 2557 466 2620 oblata
489 2555 528 2620 ab
552 2558 592 2620 iis
612 2556 778 2640 accipite);
793 2554 890 2620 verba
903 2554 1186 2641 accederetque
1199 2556 1416 2638 προσδέχεσθαι

244 2672 401 2736 sermonis
436 2670 580 2734 variandi
615 2690 714 2735 causa
745 2674 902 2754 usurpata
933 2671 1095 2748 videntur,
1121 2691 1318 2755 quamquam
1342 2691 1419 2737 sane

243 2787 404 2870 posterius
434 2784 569 2850 verbum
592 2784 827 2870 significatione
850 2785 1058 2870 exspectandi
1083 2805 1213 2871 quoque
1238 2787 1418 2871 praeditum

243 2899 495 2983 intellegendum
520 2905 577 2963 est.

289 3013 362 3077 Alio
386 3032 484 3078 sensu
508 3031 623 3096 nempe
656 3013 929 3097 recipiendi
965 3015 1105 3078 occurrit
1129 3014 1182 3092 86,
1208 3015 1267 3078 10:

290 3127 559 3207 ὑσεραυχιίσανσες
595 3123 671 3189 οίσσε
705 3126 786 3202 μήτε
821 3126 935 3205 κήρυκα
970 3123 1015 3189 ἔτι
1050 3127 1101 3189 ἐπ’
1135 3127 1228 3208 εἰρήνῃ
1255 3126 1338 3207 παρὰ
1361 3131 1418 3191 σῶν

245 3245 396 3304 Σαυνιτῶν
432 3240 651 3320 προσδέχεσθαι
686 3237 882 3319 ψηφίσασθαι
917 3239 1021 3324 (tanto
1055 3245 1182 3306 tumore
1212 3242 1288 3306 elati
1318 3247 1419 3306 utne

244 3357 330 3438 pacis
362 3355 493 3440 quidem
525 3373 715 3439 praeconem
739 3373 757 3417 a
781 3353 980 3418 Samnitibus
1003 3355 1144 3438 recipcre
1169 3353 1416 3439 decrevissent);

245 3471 304 3534 hoc
339 3471 424 3534 enim
459 3471 529 3533 loco
553 3469 669 3533 obiecti
693 3468 762 3532 loco
787 3470 923 3532 assumit
947 3467 1081 3532 verbnm
1106 3469 1231 3548 κήρυκα,
1267 3488 1417 3553 perso-

245 3604 340 3648 nam
376 3586 495 3667 itaque,
520 3584 597 3646 dum
622 3583 735 3646 ceteris
759 3582 838 3645 locis
861 3600 912 3646 res
937 3584 1006 3647 eive
1017 3588 1167 3646 concreta
1179 3584 1248 3647 sire
1260 3583 1419 3647 abstracta

244 3697 360 3762 obiecti
384 3699 454 3762 vioe
476 3696 631 3779 fungitur.
655 3695 825 3760 Praeterea
848 3696 907 3760 hoc
931 3696 999 3759 loco
1023 3697 1217 3780 praepositio
1243 3695 1327 3775 ιιαριδ
1351 3715 1417 3760 arc

245 3814 310 3876 tius
344 3810 491 3875 cohaeret
525 3829 599 3873 cum
623 3807 826 3873 substantivo
850 3809 962 3888 κήρυκα
986 3829 1084 3893 quam
1108 3829 1182 3874 cum
1206 3809 1304 3874 verbo
1330 3833 1417 3890 ιιροσ-

245 3924 387 4005 δέχεσθαι
411 3925 450 3990 de
474 3946 539 4010 qua
560 3943 595 3989 re
617 3925 681 3987 rid.
706 3924 725 4006 ἐ
749 3927 770 3986 4
793 3924 932 3988 initium.

288 4153 341 4218 Ex
365 4152 462 4218 verbo
486 4151 620 4231 δέχομαι
644 4150 816 4215 formatum
840 4148 974 4213 verbnm
996 4149 1159 4229 δωροδοκεῖν
1171 4170 1243 4215 cum
1258 4153 1417 4235 praeposi-

245 4270 332 4331 tione
366 4265 450 4340 ιιαριδ
473 4267 682 4330 coniunctum
707 4266 846 4328 occurrit
871 4263 923 4341 39,
950 4264 1002 4341 60,
1028 4264 1066 4325 3:
1092 4261 1176 4344 raph
1201 4267 1252 4327 τοῦ
1277 4263 1419 4342 Γαβινίου

245 4378 447 4459 δωροδοκήσειν
472 4378 684 4459 προσδοιονίσοος.
706 4377 744 4441 In
764 4378 825 4441 hoc
838 4377 934 4441 verbo
948 4377 1266 4442 animadvertendum
1281 4379 1418 4458 videtur,

244 4495 512 4581 praepositionem
535 4513 610 4559 cum
634 4492 835 4558 substantivo
861 4490 936 4572 δώρῳ
961 4496 1030 4557 tum
1054 4493 1151 4558 verbo
1170 4491 1312 4572 δέχεσθαι
1333 4512 1418 4557 com-
