3378 5222
803 551 846 615 23

237 755 319 818 mus,
354 755 524 820 uunquam
560 742 667 802 tamen
701 756 836 822 prorsus
870 737 1051 802 evanuisse.
1086 736 1155 801 Iam
1192 737 1271 801 haeo
1306 725 1410 802 o'ritur

237 851 400 933 quaestio:
426 868 613 934 unquamne
635 868 711 916 vere
733 852 779 914 ita
802 851 951 934 usurpari
972 870 991 914 a
1010 848 1121 914 Cassio
1143 851 1411 934 praepositionem

237 961 321 1043 παρὰ
355 982 431 1027 oum
464 963 571 1027 dativo
596 963 687 1028 verbi
709 965 856 1048 passivae
879 963 1000 1028 formae
1022 964 1209 1028 adiunctam
1237 963 1413 1028 verisimile

236 1082 294 1160 est,
324 1082 361 1141 ut
392 1077 582 1161 simpliciter
605 1096 773 1162 personam
797 1077 919 1142 indicet
942 1065 1026 1162 quae
1049 1079 1208 1141 aotionem
1234 1075 1332 1141 verbo
1357 1096 1412 1141 ex·

171 1191 174 1198 “
226 1208 377 1275 pressam
400 1189 547 1275 perficit?
569 1192 624 1274 ita,
647 1190 728 1273 diuo,
753 1197 831 1256 uta
853 1191 1098 1275 praepositionis
1119 1189 1175 1253 ὑπὸ
1198 1209 1259 1254 usu
1281 1191 1411 1275 vulgato

237 1303 282 1366 nil
305 1303 401 1388 plane
423 1303 543 1369 distet?

280 1397 496 1500 Inspiciamus
519 1417 637 1497 locum,
660 1416 700 1482 de
724 1436 789 1501 quo
813 1436 879 1481 non
903 1435 1015 1481 omnes
1040 1418 1102 1480 viri
1125 1417 1210 1480 docti
1232 1417 1318 1481 idem
1340 1435 1412 1481 sen·

236 1535 358 1611 serunt,
383 1549 498 1614 nempe
522 1531 573 1612 66,
598 1531 649 1612 18,
676 1532 712 1594 l:

280 1642 434 1722 ὀρχεῖσθαι
457 1664 490 1706 π.
514 1643 597 1723 αὐτῷ
621 1643 727 1722 μαθεῖν
750 1641 895 1718 ἠθέλησες

279 1755 497 1822 Leuuolavius
516 1758 603 1821 euim
624 1757 766 1821 hocloco
779 1757 851 1838 παρ’
872 1757 987 1821 αὐτοῦ
1010 1756 1183 1841 legendum
1197 1775 1268 1821 esse
1280 1758 1410 1836 statuit;

278 1869 415 1934 Tantum
439 1876 545 1935 tamen
570 1870 661 1936 abest
685 1877 720 1936 ut
744 1872 861 1935 vitiosa
884 1872 926 1935 sit
949 1871 1097 1935 codicum
1122 1870 1216 1934 lectio
1241 1870 1313 1950 παρ’
1326 1869 1408 1950 αὐτῷ

235 1988 273 2047 ut
295 1984 513 2068 pulcherrima
534 1989 633 2067 atque
657 1984 808 2048 distincta
831 1986 873 2048 sit
892 1984 1021 2047 locutio.

280 2097 352 2177 παρ’
376 2096 459 2177 αὐτῷ
483 2099 569 2162 enim
597 2096 753 2179 „ludum”
776 2097 898 2161 indicat
922 2094 1165 2179 „saltatorium”
1187 2098 1297 2181 itaque
1309 2097 1410 2161 multo

235 2210 383 2275 aoerbius
407 2211 528 2276 dietum
552 2217 601 2275 est
624 2230 722 2295 quam
746 2212 774 2275 si
796 2210 867 2291 παρ’
889 2210 983 2275 αὐτοῦ
1002 2210 1124 2275 dietum
1137 2216 1230 2275 esset
1243 2209 1411 2276 Praeterea

235 2324 298 2389 alia
321 2330 397 2390 suut
421 2324 569 2409 exempla
592 2342 676 2409 quae
700 2330 841 2389 nostram
863 2323 1073 2409 comprobant
1092 2325 1297 2390 locutionem.
1310 2325 1410 2410 Apud

235 2439 463 2523 Aloiphronem
494 2440 649 2523 legimus:
674 2438 815 2516 ἐκμαθεῖν
837 2459 870 2501 π.
896 2461 954 2502 τινι
977 2437 1048 2517 (ΠΙ.
1073 2439 1123 2520 64,
1153 2440 1180 2519 Ι)
1205 2458 1347 2523 quocum
1370 2438 1410 2502 ef.

235 2551 319 2617 Prot
351 2551 432 2616 Mor.
462 2552 502 2615 37
527 2553 575 2615 A:
600 2549 729 2630 (ἀκούειν
751 2573 785 2615 π.
807 2557 869 2624 τοῖς
892 2550 1086 2642 φιλοσόφοις)
1111 2550 1268 2634 Polybius
1291 2553 1410 2637 saepis-

238 2668 328 2749 sime,
364 2686 405 2730 ue
440 2667 544 2730 diuam
581 2665 620 2730 de
652 2665 758 2730 vorbis
789 2665 927 2750 passivis
952 2664 1071 2751 quibus
1097 2663 1181 2746 παρὰ
1204 2685 1278 2730 oum
1303 2665 1410 2730 dativo

235 2782 384 2866 plurimis
422 2780 573 2844 adiunxit
606 2780 696 2862 loeis,
729 2798 790 2844 neo
825 2785 953 2844 tantum
989 2779 1097 2844 verbis
1135 2799 1219 2864 qnae
1251 2780 1409 2844 iudicium

235 2897 410 2976 ooutiueut,
441 2894 586 2958 dativum
618 2893 795 2977 usurpavit,
819 2892 876 2957 ubi
899 2894 1087 2977 genetivum
1112 2899 1339 2977 expectemus3
1363 2893 1411 2957 sia

235 3028 261 3074 e.
283 3029 313 3094 g.
347 3009 615 3093 praepositionem
652 3005 737 3087 παρὰ
770 3026 845 3071 oum
881 3007 990 3071 dativo
1025 3008 1230 3071 coniunctam
1263 3006 1411 3071 adhibuit

236 3121 343 3187 verbis
370 3126 552 3206 quaesunt
576 3118 759 3198 λαμβάνειν,
783 3117 962 3200 τυγχάνειν,
988 3119 1206 3199 περιποιεῖσθαι
1229 3120 1409 3200 similibus3

236 3236 276 3300 de
299 3255 364 3320 quo
388 3235 450 3299 vid.
474 3233 579 3299 Krebs
603 3234 644 3298 l.l.
668 3254 739 3319 pag.
763 3235 804 3296 53
829 3253 876 3318 sq.

278 3459 348 3524 Iam
382 3465 505 3525 restant
539 3459 603 3523 duo
638 3459 709 3540 loci,
740 3457 861 3542 quibus
893 3457 1055 3522 diffieilior
1077 3476 1129 3523 res
1152 3462 1211 3541 est,
1234 3477 1351 3542 nempe
1373 3459 1407 3521 in

235 3573 421 3658 fragmentis
443 3572 510 3657 (40,
536 3573 551 3636 7
576 3578 607 3637 et
630 3573 682 3653 66,
707 3571 756 3655 2):

279 3689 333 3770 40,
357 3689 392 3751 7:
417 3684 546 3767 φρουρὰν
569 3685 719 3766 ᾐτήσαντο
743 3683 828 3765 παρὰ
852 3682 1019 3762 Ῥωμαίοις.

280 3802 333 3882 66,
356 3803 393 3864 2:
418 3799 550 3865 σπονδῶν
572 3798 673 3873 ἐδεήθη
776 3847 796 3870 ,,

279 3913 378 3980 Hisce
412 3915 491 3978 tonis
524 3918 730 3998 exspectatur
763 3930 842 3976 sane
875 3913 1046 3996 genetivus
1069 3911 1123 3995 (of.
1146 3910 1298 3975 αἰτεῖσθαί
1320 3936 1351 3976 τι
1374 3935 1407 3977 π.

235 4051 355 4101 τινος
384 4030 438 4111 48,
460 4030 513 4110 46,
537 4029 571 4106 53
598 4028 650 4109 66,
672 4026 723 4107 17,
743 4024 787 4109 6),
807 4025 1080 4110 quamoboausam
1103 4024 1351 4091 Belskerus
1374 4028 1408 4090 in
1472 4088 1476 4094 .

236 4142 376 4208 editione
405 4161 465 4206 sua
486 4141 672 4226 genetivum
697 4117 865 4204 substituit
887 4157 946 4223 pro
969 4138 1117 4202 codioum
1141 4139 1287 4221 lectione,
1312 4160 1407 4224 quem

235 4259 383 4342 sequitur
404 4258 439 4320 in
463 4255 562 4320 altero
585 4241 656 4318 iooo
680 4252 880 4318 emendando
916 4251 1041 4317 (tros.
1071 4252 1124 4316 Ad
1147 4252 1185 4317 fr.
1208 4252 1262 4335 46,
1284 4255 1300 4318 7
1321 4274 1351 4316 v.
1370 4254 1409 4318 ol.

235 4369 425 4436 Boissevuin
458 4369 493 4433 in
529 4368 616 4432 oaloe
646 4367 783 4452 paginae
805 4366 953 4432 adnotat:
981 4363 1155 4448 ,Ῥωμαίων
1177 4365 1287 4450 Bekis„
1310 4369 1408 4452 epito-

236 4489 391 4549 matorem
412 4482 548 4547 fortusse
571 4478 767 4565 corrigens”.
