3400 5212
831 517 873 580 98

264 705 330 766 tato
363 700 457 765 modo
482 705 637 784 usurpata
662 699 718 784 (a.
744 705 800 774 τῆς
823 699 943 781 κρίσεως
965 701 1129 787 κὶρεῖονοον)
1154 703 1210 768 sed
1234 704 1328 768 ctiam
1353 705 1440 787 quod

265 815 378 878 attinet
412 814 451 878 ad
487 815 590 896 ipsam
626 833 693 878 rem
730 815 768 878 de
803 835 868 898 qua
902 835 1007 880 sermo
1042 822 1091 881 est
1113 816 1200 880 hisce
1223 819 1440 902 paragraphis.

265 928 451 992 Hadrianus
485 929 570 992 enim
606 930 730 1012 ingenti
765 929 921 994 effusione
955 932 1124 1014 sanguinis
1155 930 1321 995 contabuit
1343 938 1440 1016 atque

264 1042 305 1106 ob
329 1061 398 1106 sam
422 1062 554 1106 causam
579 1062 663 1126 aqua
686 1043 781 1106 etiam
805 1045 965 1107 intercute
988 1043 1153 1107 laboravit.
1174 1043 1297 1108 Idcirco
1322 1065 1438 1109 convo·

263 1157 349 1219 cavit
371 1156 503 1220 domum
529 1175 621 1220 suam
646 1156 809 1239 principes
829 1163 860 1220 et
880 1159 1133 1240 spectatissimos
1154 1157 1276 1221 ordinis
1289 1161 1440 1223 senatorii

264 1289 385 1354 eosque
418 1273 453 1334 in
488 1271 570 1334 lecto
602 1269 799 1334 decumbens
829 1270 874 1334 ita
897 1270 1058 1335 allocutus
1082 1275 1146 1334 est:
1175 1269 1274 1352 „Mihi
1298 1273 1438 1354 quidem,

263 1386 423 1449 carissimi
449 1385 521 1466 riri,
542 1382 645 1446 filium
670 1390 786 1446 natura
810 1402 875 1446 non
899 1384 995 1467 dedit,
1020 1403 1077 1448 vos
1101 1403 1177 1448 vero
1201 1386 1271 1469 lege
1295 1386 1438 1450 dedistis.

264 1498 335 1562 Hoc
370 1504 476 1561 autem
512 1497 616 1560 differt
648 1495 688 1559 ab
718 1496 784 1577 illo,
807 1496 894 1579 qnod
920 1497 1078 1581 quidquid
1101 1499 1256 1582 gignitur,
1279 1501 1440 1564 eiusmodi

263 1613 408 1676 nascitur
443 1619 478 1675 ut
513 1612 572 1675 deo
604 1610 780 1694 placuerit;
813 1610 899 1694 qnod
931 1617 1039 1674 autem
1065 1612 1235 1695 adoptatur
1256 1614 1289 1677 id
1315 1614 1439 1678 delectu

264 1728 392 1810 proprio
429 1727 503 1809 quis
539 1723 601 1788 sibi
636 1723 802 1803 adsciscit3
838 1743 903 1807 quo
925 1723 961 1787 fit
986 1729 1022 1788 ut
1052 1720 1168 1809 (ὥστε)
1197 1723 1280 1805 παροδ
1304 1726 1360 1804 μὲν
1385 1735 1440 1802 τῆς

266 1836 386 1919 Φύσεως
420 1835 570 1917 οὶνοέπνρρον
605 1839 781 1918 (mancum)
812 1835 862 1898 aui
894 1832 1009 1916 ἄφρονα
1044 1835 1193 1910 πολλάκις
1215 1837 1351 1902 δίδοσθοοί
1372 1863 1439 1914 τινι,

265 1951 349 2033 sapic
370 1951 402 2015 δὲ
422 1959 477 2025 τῆς
497 1950 616 2031 κρίσεως
635 1948 688 2014 aa>
707 1951 859 2030 οὶρτνμελῆ
880 1951 1051 2034 (integrum
1066 1951 1228 2031 membris)
1241 1951 1293 2016 aa}
1306 1953 1439 2033 οὶρτννοῦν

263 2071 382 2148 (monte
418 2070 546 2144 sanum)
581 2061 703 2137 πάντως
732 2063 909 2143 οοὶρεῖοθοοο”.
938 2064 988 2146 „A
1012 2070 1127 2129 natura
1149 2066 1281 2150 igitur”,
1305 2069 1351 2132 sic
1375 2069 1438 2151 illa,

266 2200 381 2264 „saepe
405 2199 540 2244 mancus
565 2185 597 2244 et
619 2180 754 2243 insanus
778 2178 875 2241 alicui
899 2177 1001 2260 datur,
1025 2198 1043 2242 a
1067 2179 1187 2243 iudicio
1200 2184 1270 2244 tum
1284 2180 1436 2246 membris

261 2297 387 2379 integer
409 2299 478 2358 tum
504 2300 611 2357 mente
635 2312 735 2357 sanus
760 2293 892 2355 omnino
917 2291 1099 2376 deligitur’·’.

306 2411 450 2494 Apparet
483 2409 518 2470 ni
548 2407 642 2470 fallor
673 2412 782 2471 nostro
807 2406 876 2470 loco
901 2403 1039 2470 Dionem
1063 2408 1211 2472 consulto
1236 2409 1379 2474 effecisse
1404 2415 1440 2475 ut

262 2526 440 2610 posteriora
474 2521 571 2586 verba
605 2518 711 2601 (παρὰ
734 2519 767 2583 δε
792 2557 829 2566 -·
858 2520 1021 2605 κὶρεῖονοον)
1049 2541 1123 2584 cum
1146 2522 1308 2606 prioribus
1333 2523 1439 2589 verbis

265 2637 371 2724 (παροδ
407 2636 463 2715 μὲν
503 2673 539 2682 -ψ
577 2632 713 2698 δίδοοθκί
747 2634 825 2720 τινι)
864 2642 1095 2719 congruerent3
1130 2637 1174 2700 ita
1206 2657 1336 2721 quoque
1360 2639 1440 2702 mihi

261 2752 474 2838 explicandus
501 2750 628 2814 videtur
653 2769 732 2814 usus
753 2751 1000 2832 praepositionis
1022 2747 1115 2829 ποοροέ,
1137 2769 1220 2834 quas
1234 2770 1328 2834 saepe
1341 2751 1439 2816 verbo

262 2865 396 2931 δίδοοθοον
421 2865 573 2928 adiuncta
598 2863 821 2928 similitudinis
842 2883 940 2927 causa
964 2863 1016 2926 hio
1041 2863 1138 2927 verbo
1162 2864 1316 2944 κὶρεῖσθκν,
1342 2885 1439 2950 ορρο·
1529 2893 1531 2898 ’
1615 2949 1620 2960 ι

262 2984 323 3048 sito
349 2979 446 3044 verbo
470 2977 616 3050 δίδοονοον,
642 2977 749 3041 addita
773 2982 829 3042 est.
855 2978 1066 3042 Assimulatio
1091 2979 1186 3042 etiam
1207 2983 1293 3062 patet
1312 2999 1353 3043 ex
1376 3000 1439 3045 usu

261 3093 411 3159 vocabuli
442 3090 562 3173 κρίσεως
594 3091 761 3175 sequentis
786 3091 1054 3174 praepositionem
1081 3089 1175 3170 πκροὶ,
1201 3110 1283 3174 quae
1306 3112 1440 3178 praepo-

260 3210 334 3274 sitio
368 3207 435 3272 iere
467 3225 634 3290 nunquam
667 3224 741 3268 cnm
773 3203 870 3268 rebus
893 3204 1045 3268 inanimis
1070 3205 1241 3268 coniuncta
1265 3206 1440 3290 invenitur,

261 3331 370 3388 nostro
400 3327 506 3386 autem
531 3320 601 3385 locu
626 3324 662 3382 ut
685 3318 877 3401 respondeat
901 3316 1056 3380 vocabulo
1081 3314 1201 3396 φύσεος
1224 3319 1311 3401 qnod
1346 3339 1439 3403 per-

260 3457 403 3504 sonae
439 3436 602 3498 notionem
638 3431 755 3496 habere
777 3430 856 3514 fingi
880 3436 992 3514 potest.
1016 3422 1131 3514 Itaque
1154 3450 1324 3496 censemus
1348 3454 1438 3518 prae·

260 3553 453 3637 positionem
486 3546 569 3627 παροδ
600 3546 751 3610 hocloco
775 3545 898 3608 nullam
922 3545 1017 3608 aliam
1041 3545 1081 3608 ob
1102 3565 1232 3610 causam
1257 3549 1321 3612 nisi
1345 3548 1437 3612 adae·

261 3665 382 3750 quandi
407 3663 582 3746 cupiditate
605 3659 780 3723 adductum
806 3677 982 3742 usurpasse
1006 3657 1152 3722 Dionem.

307 3779 359 3861 77,
396 3778 428 3860 8,
464 3778 501 3840 3:
538 3771 643 3838 πολλοὶ
674 3772 706 3837 δὲ
731 3770 783 3836 ani
809 3771 889 3835 barad
913 3770 1077 3850 δεδρκκότοο
1101 3770 1153 3835 ani
1177 3772 1228 3837 brol
1251 3778 1339 3839 τοῦτο
1366 3776 1437 3856 παρ’
1481 3803 1484 3814 ’

262 3892 355 3954 κὺτοῦ
380 3887 414 3964 ἐξ
437 3889 587 3962 ἑκκλήτον
611 3885 696 3960 δίκης
719 3884 880 3965 κρινόμενον
895 3934 901 3947 .
915 3933 922 3947 .
938 3931 966 3946 ..
995 3885 1114 3967 quibus
1139 3887 1245 3952 verbis
1270 3890 1376 3972 agitur
1399 3890 1440 3953 de

261 4004 401 4088 quodam
439 4004 495 4086 qni
520 4002 620 4065 multa
644 4001 787 4064 facinora
810 3997 1004 4081 perpetravit
1027 3998 1165 4081 ideoque
1189 3999 1273 4079 πκροέ
1297 4024 1374 4073 τινος
1397 4021 1440 4067 ex

261 4117 472 4202 appellatione
507 4116 756 4198 (provocatione)
791 4108 931 4189 κρίνετκν.
967 4108 1038 4172 Hoc
1067 4111 1137 4174 loco
1160 4114 1224 4176 iam
1249 4133 1440 4180 evanescere

260 4231 376 4313 incipit
412 4228 591 4292 differentia
625 4227 899 4311 praepositionum
930 4219 1014 4300 ποοροδ
1039 4227 1071 4285 et
1096 4222 1170 4304 airr0'3
1196 4246 1270 4290 nam
1296 4226 1438 4308 κρίνεσθαι

264 4341 348 4423 rapot
372 4364 448 4413 τινος
469 4341 535 4406 fere
559 4359 692 4424 prorsus
714 4339 799 4402 idem
826 4336 952 4400 videtur
975 4338 1071 4418 atque
1096 4335 1438 4421 dadr1n043siautem

261 4458 315 4522 vis
338 4456 467 4540 propria
491 4454 735 4538 praepositionis
758 4447 843 4530 παροδ
866 4435 1440 4537 explicanda'sst‚dicerepossnmus
