3378 5212
790 535 853 597 169

282 720 352 800 παρ’
381 696 468 784 κούδὲν
503 717 589 796 ν’ὶγειν
613 725 726 802 quater
750 721 904 783 occurrit:
932 721 1002 800 παρ’
1028 720 1108 784 οὐδὲν
1132 719 1260 785 τίθεσθαι
1283 724 1406 802 sexies;

237 835 307 914 qap'
336 834 424 898 ‘cdliv
460 835 605 898 astrictuo
639 841 702 914 ter;
736 836 835 899 semel
860 842 1035 899 occurrunt
1059 837 1205 920 singulae
1229 837 1407 900 locutiones

236 945 468 1035 aspiri'oprapdv
500 948 658 1020 ποιεῖσθαι,
684 948 754 1027 παρ’
780 947 880 1025 ὀλίγον
905 949 1063 1021 uersata,
1091 948 1174 1028 ννιρνὶ
1198 948 1298 1030 μικρὸν
1323 947 1405 1026 νομί-

233 1059 343 1140 ζεσθαι,
381 1060 464 1140 nopai
500 1060 601 1140 μικρὸν
634 1059 774 1133 τίθεσθαι,
812 1061 895 1141 rapat
928 1061 1035 1141 βραχὺ
1069 1061 1208 1135 τίθεσθαι,
1235 1063 1304 1142 παρ’
1332 1062 1405 1125 ias-

236 1198 342 1253 χισνον
365 1173 458 1252 ἄγειν.
512 1173 513 1176 ’

279 1287 327 1352 De
350 1288 510 1381 locutione
535 1287 618 1368 νιιιριὶ
643 1287 757 1360 πάντα,
782 1308 880 1353 sensu
901 1291 1059 1353 contrario
1079 1290 1211 1354 dictioni
1233 1290 1304 1370 παρ’
1327 1290 1406 1353 οὐδὲν

235 1408 354 1484 ornata,
377 1395 451 1466 vide
473 1423 543 1486 pag.
567 1403 640 1466 150.
665 1400 874 1466 locutionem
900 1401 983 1482 nopai
1008 1401 1087 1466 arab
1101 1403 1308 1486 praecedente
1322 1423 1405 1467 oom-

234 1517 376 1598 parativo
412 1516 463 1580 vol
495 1516 700 1600 superlativa
724 1516 809 1598 apud
833 1516 1053 1597 Thucydidem
1078 1518 1184 1582 sexies
1208 1522 1407 1600 usurpatam,

234 1629 319 1712 apud
342 1628 516 1710 Polybium
542 1629 811 1713 frequentissime,
833 1627 896 1693 Dio
920 1628 970 1693 bis
992 1633 1081 1693 terve
1103 1627 1257 1693 adhibuit.
1280 1629 1406 1710 Thucy-

235 1742 340 1807 didem
365 1745 510 1808 imitatus
536 1743 730 1807 locutionem
756 1741 839 1822 ιιιιριὶ
863 1741 944 1805 πολὺ
965 1748 1065 1805 acreio
1088 1741 1118 1815 ἔς
1138 1743 1406 1827 rraa‚licetpaulo

235 1856 327 1920 aliter
349 1839 533 1939 adhibitam,
558 1855 689 1921 Cassius
714 1856 812 1920 semel
838 1857 1014 1940 usurpavit,
1027 1856 1066 1920 de
1079 1876 1143 1939 qua
1155 1875 1189 1920 re
1201 1855 1238 1919 oi.
1251 1876 1320 1940 pag.
1335 1857 1406 1919 152.

279 1966 460 2052 Quinquies
492 1971 639 2034 sexiesve
665 1971 700 2032 in
724 1968 827 2034 Cassii
848 1968 940 2033 libris
966 1967 1050 2048 ιιιιρνὶ
1074 1967 1183 2048 μικρόν,
1210 1969 1280 2048 παρ’
1306 1968 1406 2047 ὀλίγον

233 2082 393 2166 significat
429 2081 710 2168 „propemodum”‚
741 2103 823 2167 quae
847 2083 1025 2147 locutiones
1049 2082 1116 2148 fere
1140 2083 1282 2146 adverbii
1305 2084 1406 2148 instar

234 2214 304 2260 esse
345 2197 504 2261 videntur.
545 2197 665 2262 Addito
708 2196 805 2261 verbo
841 2199 1057 2280 comparativo
1091 2197 1175 2284 apud
1211 2198 1404 2261 recentiores

233 2312 403 2394 scriptores
444 2312 620 2376 locutiones
654 2312 728 2376 illae
762 2312 908 2376 indicant
943 2310 1095 2375 Latinum
1132 2310 1308 2375 ablativum
1344 2313 1400 2395 qui

216 2424 350 2501 „dicitur
385 2445 561 2490 mensurae.
596 2424 839 2509 Nonnunquam
873 2424 959 2507 apud
982 2425 1180 2506 antiquiores
1204 2423 1404 2507 significatur

232 2539 297 2602 illis
322 2539 549 2619 locutionibus,
572 2559 637 2602 non
659 2539 797 2603 multum
811 2538 952 2602 abfuisse
966 2539 1045 2621 qhin
1057 2536 1147 2602 fieret
1159 2537 1192 2600 id
1205 2538 1292 2621 quod
1305 2537 1403 2602 verbo

233 2654 476 2736 exprimeretur,
498 2655 543 2718 ita
566 2659 602 2717 ut
627 2658 768 2717 vertatur
794 2651 901 2734 „vix''.
925 2651 996 2715 Hac
1018 2650 1253 2735 significatione
1273 2653 1404 2717 distino-

222 2771 297 2829 tam
324 2769 591 2850 praepositionem
615 2766 698 2846 aspir
721 2786 882 2850 nusquam
906 2765 1053 2830 adhibuit
1071 2763 1142 2829 Dio.
1163 2764 1267 2830 Semel
1278 2772 1403 2831 tantum

235 2876 365 2944 Cassius
401 2881 594 2966 locutionem
629 2878 713 2960 rapat
743 2882 881 2943 τοιοῦτον
904 2872 976 2952 ἦλθε
998 2878 1105 2942 addito
1128 2878 1288 2942 infinitivo
1311 2899 1403 2944 usur-

234 2994 331 3077 pavit,
367 2991 570 3075 Thucydides
604 3013 680 3058 vero
712 3013 786 3056 cum
816 2994 958 3076 genitivo
982 2991 1176 3056 substantivi
1200 2994 1402 3058 coniunctam

233 3106 283 3172 bis
317 3107 363 3171 ita
397 3105 499 3171 habet.
534 3105 592 3170 Bis
627 3107 713 3190 apud
743 3104 879 3170 Dionem
904 3107 1041 3169 occurrit
1065 3105 1183 3170 locutio
1208 3107 1280 3186 παρ’
1304 3093 1404 3184 ὀλίγον

233 3214 305 3294 ἦλθε
339 3227 494 3307 sequente
523 3222 693 3303 infinitivo,
724 3241 821 3304 quam
853 3221 937 3305 apud
961 3221 1158 3303 antiquiores
1181 3223 1295 3304 rarius,
1319 3222 1403 3304 apud

230 3339 426 3402 recentiores
450 3354 525 3401 vero
549 3337 677 3418 saepius
701 3335 839 3398 inveniri
863 3334 1063 3398 ostendimus
1087 3353 1177 3417 pagg.
1207 3335 1268 3396 155
1282 3354 1328 3418 sq.
1343 3333 1402 3399 Ge-

231 3452 353 3515 nitivus
377 3450 504 3514 articuli
527 3451 562 3512 in
581 3449 668 3512 hisce
686 3448 904 3512 locutionibus
923 3448 1097 3511 adiunctus
1109 3447 1278 3528 infinitivo,
1291 3467 1401 3540 quem-

231 3564 402 3628 admodum
426 3563 511 3647 apud
535 3561 708 3643 Polybium
732 3566 764 3625 et
787 3559 964 3625 Diodorum
987 3561 1135 3642 occurrit,
1155 3560 1241 3643 apud
1254 3558 1399 3625 Cassium

231 3675 349 3740 frustra
372 3677 545 3760 quaeritur.
569 3677 651 3759 (pag.
677 3675 872 3753 148-156).

274 3793 293 3867 ἓ
327 3791 356 3852 8.
390 3788 587 3874 Significatio
620 3786 781 3869 „contra’‘,
805 3806 846 3851 cx
870 3785 1102 3869 significatione
1129 3787 1294 3868 „praeter”
1318 3796 1400 3873 orta,

232 3921 315 3985 quae
347 3908 411 3967 tam
445 3903 531 3986 apud
561 3903 759 3985 antiquiores
783 3920 878 3984 quam
902 3899 988 3982 apud
1011 3901 1204 3964 recentiores
1228 3905 1401 3986 scriptores

126 4011 130 4022 “
233 4017 418 4100 saepissime
442 4017 588 4098 occurrit,
611 4015 696 4099 apud
719 4013 856 4080 Dionem
881 4031 1011 4097 quoque
1033 4011 1294 4095 frequentissime
1313 4018 1401 4081 inve-

232 4130 339 4208 nitur;
371 4148 444 4193 cum
475 4128 685 4193 substantivis
709 4130 880 4191 coniuncta
901 4125 1092 4209 praepositio
1117 4124 1199 4204 ιιιιρὰ
1222 4128 1281 4192 hac
1304 4131 1401 4213 signi-

230 4243 379 4308 ficatione
414 4241 557 4324 praedita
590 4243 729 4325 octogies
756 4239 822 4304 fere
852 4239 999 4320 occurrit,
1029 4256 1103 4301 cum
1127 4241 1303 4323 participiis
1327 4262 1402 4306 con·

230 4358 341 4421 iuncta
384 4356 598 4440 quinquagies
640 4355 714 4437 lere,
749 4374 824 4418 cum
866 4353 1055 4436 pronomine
1090 4354 1192 4416 τιιῦτιι
1226 4358 1291 4435 ter;
1327 4375 1400 4421 cum

231 4470 397 4535 adieetivis
436 4470 607 4533 coniuncta
644 4504 684 4514 -
719 4469 753 4530 id
788 4467 875 4551 quod
910 4467 1001 4530 casui
1034 4465 1202 4530 tribuerim
1239 4504 1279 4513 -—
1315 4471 1400 4554 apud

1268 4579 1299 4630 11
