3378 5212
597 1531 761 1606 uAPUT
787 1533 1020 1608 TERTIUM.

358 2062 408 2128 De
424 2066 656 2149 praepositione
680 2066 764 2148 rapio
786 2087 856 2132 cum
878 2069 1051 2134 accusativo
1073 2069 1245 2135 coniuncto.

264 2273 432 2360 Duplicem
468 2281 670 2363 potissimum
707 2301 803 2346 usum
839 2281 934 2346 habet
968 2285 1160 2368 praepositio
1197 2284 1281 2366 rapot
1315 2305 1389 2351 cum

219 2393 404 2456 accusativo
429 2393 607 2457 coniuncta.

262 2504 286 2567 I.
322 2505 438 2571 additis
470 2506 578 2571 verbis
609 2508 759 2572 movendi
781 2528 949 2592 personam
975 2510 1027 2574 vel
1050 2512 1156 2575 locum
1180 2514 1301 2577 indicat
1326 2535 1390 2598 quo

219 2624 325 2684 motus
348 2619 392 2684 fit.

261 2732 303 2796 H.
326 2733 487 2800 adiunctis
513 2736 618 2800 verbis
643 2756 726 2820 quae
750 2743 781 2801 et
805 2738 956 2802 movendi
975 2743 1007 2803 et
1027 2741 1214 2823 quiescendi
1226 2743 1389 2807 notionem

218 2846 345 2930 habent,
375 2868 544 2932 personam
576 2851 627 2915 vel
650 2850 756 2915 locum
781 2851 902 2915 indicat
924 2853 1017 2916 iuxta
1042 2872 1139 2937 quem
1164 2855 1242 2937 quid
1267 2860 1315 2919 est
1337 2856 1389 2921 vel

217 2968 342 3044 praeter
366 2982 460 3046 quem
485 2964 565 3048 quid
589 2969 745 3029 movetur.

260 3075 458 3160 Praepositio
483 3078 567 3157 rapat
590 3098 664 3142 oum
690 3081 874 3144 accusativo
898 3082 1081 3164 coniuncta,
1105 3081 1212 3146 verbis
1236 3083 1388 3147 movendi

216 3190 342 3274 additis,
366 3193 452 3276 apud
480 3192 562 3256 duos
585 3195 757 3277 scriptores
780 3195 967 3278 saepissime
990 3197 1140 3275 occurrit,
1164 3215 1279 3279 nempe
1303 3197 1388 3280 apud

215 3302 416 3369 Herodotum
451 3308 519 3390 (qui
553 3308 693 3391 amplius
717 3328 814 3391 quam
839 3315 966 3373 centum
993 3297 1025 3374 et
1049 3311 1285 3395 quinquaginta
1309 3310 1389 3375 locis

215 3417 360 3482 adhibuit
384 3425 491 3499 usum)
515 3425 612 3504 atque
636 3422 721 3504 apud
745 3421 965 3504 Thucydidem
986 3425 1055 3508 (qui
1075 3425 1201 3487 circiter
1220 3425 1388 3508 sexaginta

213 3533 292 3596 locis
316 3534 361 3596 ita
383 3535 650 3618 praepositionem
675 3537 873 3618 usurpavit);
899 3537 963 3600 vid.
986 3535 1129 3622 Helbing
1152 3537 1194 3601 l.l.
1218 3558 1287 3622 pag.
1314 3539 1386 3602 129.

213 3644 419 3710 Recentiores
452 3648 622 3731 scriptores
655 3649 907 3732 praepositiones
942 3649 1013 3729 πρὸς
1049 3655 1080 3713 et
1114 3648 1166 3713 ἐπὶ
1197 3651 1387 3734 praetulisse

213 3759 374 3839 videntur,
408 3761 486 3824 dum
523 3759 607 3840 rapio
641 3763 885 3844 praepositionis
909 3763 962 3826 hic
987 3783 1067 3827 usus
1091 3783 1223 3847 prorsus
1247 3765 1299 3829 vel
1320 3764 1387 3829 fere
1505 3805 1507 3810 ·

213 3875 392 3952 evanescit;
427 3874 608 3938 secundum
641 3894 669 3936 v.
702 3874 731 3937 d.
754 3873 826 3938 Rau
849 3878 891 3959 (p.
916 3876 969 3957 53)
993 3877 1078 3959 apud
1102 3875 1282 3941 Homerum
1306 3879 1385 3943 duo·

171 4063 174 4068 ¹
213 3988 314 4052 decim
349 3994 474 4051 tantum
509 3989 657 4071 exemplo
691 3989 902 4053 inveniuntur
933 3989 1053 4072 quibus
1084 3992 1276 4074 praepositio
1301 3991 1385 4073 rapio

212 4101 319 4165 addita
354 4108 402 4166 est
426 4100 530 4167 verbis
555 4101 670 4181 eundi3
695 4106 767 4184 post
790 4103 973 4166 Aristotelis
997 4107 1140 4187 tempore
1163 4104 1229 4168 fere
1252 4108 1384 4170 omnino

212 4217 342 4280 evanuit
372 4234 462 4297 usus,
486 4216 671 4299 praesertim
695 4215 729 4277 in
753 4214 887 4278 dialecto
911 4224 1001 4297 κοινῇ,
1026 4221 1186 4300 quatenus
1210 4218 1288 4292 κοινὴ
1312 4221 1384 4284 iure

211 4330 329 4393 dicitnr
359 4328 520 4393 scribendi
544 4329 625 4392 ratio
649 4347 747 4412 quam
771 4334 954 4412 sequuntur
977 4329 1134 4410 Polybius
1158 4336 1189 4395 et
1211 4329 1384 4416 Diodorus,

210 4445 266 4527 qui
290 4442 440 4506 adamant
462 4443 712 4526 praepositiones
738 4441 808 4521 πρὸς
831 4446 862 4506 et
885 4441 955 4524 e'rrr'3
980 4444 1057 4508 item
1078 4444 1163 4528 apud
1176 4442 1383 4527 Dionysium,
1408 4528 1411 4532 Δ
