3378 5222
824 548 867 611 κο

303 730 375 795 Ηοο
408 732 478 796 loco
510 729 679 797 Dobraeus
710 732 768 795 ἀπ’
801 733 900 796 οὐκῶν
929 734 1035 818 legere
1058 737 1236 819 proposuit,
1259 755 1343 820 quae
1367 757 1438 802 mu-

259 847 336 909 tatio
371 848 503 910 omnino
534 866 599 911 non
623 848 804 912 necessaria
827 866 898 912 esse
921 848 1048 913 videtur
1073 851 1148 933 quia
1171 869 1327 933 personae
1350 849 1437 916 fictio

260 960 429 1024 statuenda
452 965 509 1043 est,
534 961 595 1041 vel,
618 968 655 1024 nt
678 980 751 1025 oum
778 959 942 1026 Classenio
967 962 1139 1046 loquamur
1166 962 1268 1045 „rapui
1287 964 1367 1028 liisst
1386 965 1438 1030 die

260 1069 332 1152 ἔργον
355 1073 402 1138 als
425 1073 477 1138 die
500 1079 651 1157 strengen
674 1072 795 1138 Lehrer
818 1075 1016 1156 ersoheinen‚
1041 1075 1144 1139 denen
1171 1096 1246 1140 man
1266 1077 1335 1141 sich
1348 1078 1438 1143 nicht

258 1187 355 1252 leioht
397 1188 545 1252 entziehn
581 1186 718 1251 konne''.
754 1185 848 1263 Quod
882 1189 995 1253 attinet
1029 1188 1070 1252 ad
1104 1188 1341 1254 adnotationem
1376 1192 1438 1253 viri

258 1301 429 1366 clarissimi
464 1321 492 1363 v.
527 1300 726 1365 Herwerden
760 1304 793 1365 in
826 1301 967 1366 editione
997 1321 1057 1367 sna
1083 1303 1159 1384 „sed
1184 1283 1228 1368 ita
1252 1304 1436 1369 addendum

258 1414 363 1479 fuerat
396 1411 620 1487 διδκοκοίιιονζ
651 1416 810 1480 eiusmodi
833 1415 1050 1481 additamento
1076 1418 1132 1481 vix
1156 1437 1239 1501 opus
1263 1436 1334 1482 ease
1358 1419 1438 1482 mihi

258 1528 403 1608 videtur3
441 1528 557 1612 quodsi
589 1529 675 1592 enim
707 1529 792 1593 inter
822 1548 857 1595 se
880 1529 1078 1594 conferimus
1101 1529 1189 1595 locos
1214 1530 1434 1596 Herodotoum

260 1648 357 1725 atque
378 1641 635 1725 Thucydideum,
659 1645 767 1707 statim
791 1644 989 1726 conspicitur
1013 1646 1224 1728 congruentia
1245 1643 1436 1726 verborum;

260 1754 446 1820 Herodotus
481 1757 566 1820 enim
602 1776 668 1821 non
704 1757 775 1821 sine
806 1763 892 1821 certa
922 1776 1021 1821 causa
1051 1759 1320 1842 praepositionem
1354 1757 1439 1838 πυροί

260 1868 407 1938 adhibuit
444 1887 567 1933 memor
601 1868 693 1933 verbi
728 1867 923 1933 κυνίοίνεοίκι
960 1870 1046 1954 quod
1082 1889 1209 1955 semper
1244 1891 1318 1935 oum
1356 1871 1440 1953 κορίι

258 1982 310 2046 vel
341 1982 375 2045 ἐκ
399 1981 452 2046 vel
476 1983 615 2066 simplici
637 1984 780 2067 genitivo
804 1985 944 2047 occurrit
978 1986 1203 2068 personis
1237 1985 1438 2069 adiunctum,

259 2097 305 2160 sio
342 2115 473 2179 quoque
507 2096 712 2178 Thucydides
734 2103 883 2180 spectans
907 2097 1043 2162 verbum
1069 2098 1156 2182 quod
1180 2104 1229 2164 est
1252 2097 1438 2163 ἕκίοτκσίκι

258 2209 345 2293 quod
367 2209 478 2274 itidem
502 2229 576 2274 cum
601 2229 772 2295 person
784 2213 823 2275 is
847 2213 1058 2277 coniunctum
1078 2213 1383 2296 semperinvenitur
1395 2232 1437 2279 ex

257 2329 373 2388 natura
407 2327 504 2407 atque
535 2323 644 2389 indole
676 2344 744 2398 sua,
767 2330 877 2391 nostro
901 2327 970 2391 loeo
993 2328 1261 2411 praepositionem
1285 2325 1368 2408 κκρίι
1391 2329 1437 2392 rei

257 2437 418 2502 inanimae
438 2439 491 2501 oui
515 2457 671 2522 personae
690 2440 779 2508 notio
791 2441 898 2505 inesse
911 2441 1075 2505 videretur
1087 2441 1272 2506 adiunctam
1285 2440 1437 2506 adhibere

257 2570 322 2615 non
346 2549 552 2615 dubitaverit.

302 2666 394 2730 Alter
428 2669 477 2729 est
509 2665 602 2728 locus
633 2664 862 2747 Thucydideus
893 2665 951 2730 IV.
977 2667 1049 2750 118,
1073 2671 1112 2730 4:
1138 2667 1193 2741 τὴν
1215 2665 1277 2731 tata
1301 2666 1355 2739 ria
1377 2668 1438 2732 οίνιὸ

258 2780 315 2842 τῶν
337 2781 441 2841 πυλῶν
463 2780 521 2840 τῶν
544 2775 627 2857 πυροὶ
651 2781 703 2868 τοῦ
728 2777 822 2842 Νίσου
845 2777 898 2842 ἐπὶ
919 2778 952 2843 τὸ
965 2778 1163 2853 Ποσειδώνιον,
1177 2779 1235 2845 ubi
1248 2779 1436 2848 Classenius

258 2893 390 2957 omnino
425 2892 547 2956 nullam
584 2895 794 2957 mutationem
831 2894 981 2959 adhibere
1005 2895 1109 2959 voluit
1135 2893 1206 2976 „bei
1229 2916 1345 2961 unsrer
1371 2897 1437 2962 Un-

257 3008 410 3072 kenntnis
442 3007 498 3070 der
532 3005 765 3089 Lokalitiiten'’,
802 3027 885 3092 quae
915 3011 996 3072 ratio
1015 3009 1203 3101 explicandi
1226 3010 1306 3074 milri
1329 3014 1437 3075 tamen

257 3122 382 3205 placere
410 3139 474 3184 non
499 3126 611 3203 potest.
636 3119 805 3186 Dobraeus
829 3122 935 3205 legere
958 3123 1143 3206 proposuit:
1170 3121 1255 3202 κκροδ
1278 3122 1312 3186 τὸ
1335 3128 1437 3196 Νῖσον,

258 3254 340 3318 quae
376 3235 510 3299 mutatio
545 3234 617 3298 aliis
649 3233 824 3317 probabilis
858 3233 932 3300 aliis'
955 3221 1193 3319 supervacanea
1216 3254 1287 3301 esse
1310 3235 1439 3300 videtur

258 3369 456 3432 quamquam
492 3367 562 3412 mea
593 3349 723 3431 quidem
744 3351 908 3414 sententia
932 3350 1071 3414 multum
1096 3348 1192 3414 habet
1215 3350 1302 3434 quod
1325 3351 1437 3433 placet.

301 3461 423 3527 Locum
459 3468 645 3546 corruptum
682 3481 752 3527 esse
787 3465 874 3528 inter
909 3483 1022 3528 omnes
1057 3469 1193 3548 constat,
1217 3465 1293 3548 quia
1317 3461 1438 3528 Graece

257 3576 321 3640 diei
355 3596 420 3640 non
457 3581 562 3660 potest
599 3575 699 3640 κυλοιί
734 3574 818 3657 sapa
851 3581 904 3641 τοῦ
936 3575 1042 3651 Νίσου,
1066 3598 1141 3642 nam
1167 3579 1252 3662 quod
1276 3578 1378 3641 Alvin
1402 3579 1437 3641 in

256 3689 472 3772 disputatione
507 3690 690 3754 academica
724 3691 783 3772 „de
808 3711 871 3755 usu
895 3709 1040 3775 praepos.
1064 3689 1147 3771 κοιρίι
1168 3692 1255 3775 apud
1277 3690 1438 3771 Thucydi·

256 3802 350 3867 dem”
386 3803 549 3886 (Upsaliae
585 3805 682 3884 1873)
705 3804 801 3870 habet
826 3808 865 3888 (p.
890 3807 1021 3889 eosqu:
1050 3805 1213 3888 „Eandem
1236 3805 1303 3870 iero
1326 3824 1437 3870 oausa-

255 3918 318 3982 lem
344 3919 408 3980 vim
434 3919 542 3981 nescio
568 3938 608 3981 an
633 3915 717 3997 κκρίι
740 3919 934 4002 praepositio
960 3919 1009 3983 his
1031 3921 1065 3981 in
1087 3919 1245 4003 exemplis
1266 3921 1437 4005 contineat,

254 4030 310 4095 ubi
334 4051 435 4115 quum
461 4033 553 4097 solus
576 4033 740 4116 genitivus
764 4033 804 4096 ad
829 4035 1022 4097 sententiam
1046 4034 1290 4117 exprimendam
1311 4019 1438 4098 suffice-

255 4150 312 4220 ret,
345 4136 537 4229 praepositio
573 4165 674 4229 paene
710 4165 949 4230 supervacanea
982 4153 1046 4211 ost:
1080 4144 1145 4217 Τὴν
1170 4144 1254 4227 πυροί
1274 4146 1437 4228 Περδίκκου

255 4257 410 4322 διοικοοίοιν
447 4255 540 4322 ίοινιον
574 4259 599 4322 I.
632 4261 684 4342 62,
720 4263 749 4342 2,
781 4257 1031 4338 Ἀλκιβιοίδνν..
1048 4308 1075 4324 ..
1109 4257 1238 4337 οίομενον
1268 4260 1322 4335 τίον
1355 4262 1438 4342 νιοιρίι

257 4370 412 4449 βασιλέως
436 4369 626 4452 ξυμμαχίαν
650 4370 789 4454 νιοορὲξειν
813 4373 904 4437 VIII.
932 4374 981 4456 ⁷6,
1006 4377 1034 4457 6,
1057 4375 1110 4448 Μὴ
1135 4373 1439 4454 ὑπερβοιίνοντοιςτίιν

257 4470 319 4549 iata
357 4487 414 4559 τὴν
444 4487 511 4550 'cirri
536 4489 593 4550 τῶν
618 4491 723 4551 πυλῶν
747 4491 803 4552 τῶν
828 4486 912 4568 rupit
935 4491 987 4550 τοῦ
1009 4485 1104 4552 Νίσου
1127 4493 1157 4572 (a
1180 4491 1290 4574 portis,
1314 4509 1439 4574 quaea
