3400 5212
834 507 875 570 61

249 695 472 779 reperiuntur3
509 695 626 778 optime
657 694 736 758 haec
760 694 952 778 significatio
976 694 1160 758 illustratur
1182 693 1243 756 hoc
1266 693 1335 756 loco
1360 693 1424 775 (48,

251 809 302 891 46,
340 809 387 890 2);
423 807 464 870 τά
498 813 701 887 γραμματεῖα
736 791 778 871 τά
812 813 867 880 τῆς
898 804 1081 884 συμβάσεως
1102 805 1238 870 avelano
1260 805 1343 885 παρά
1366 807 1423 868 τῶν

250 920 451 1002 άειταρνέναν
481 922 579 1010 (apud
614 920 761 985 Vestales
796 919 924 985 tabulae
940 918 1105 1004 'pactionis
1129 920 1292 1004 depositae
1316 919 1423 1000 erant;

250 1055 304 1100 eas
340 1034 455 1100 Caesar
485 1036 643 1119 repetivit,
674 1035 816 1117 abstulit,
840 1033 958 1118 auferri
981 1035 1077 1098 iussit
1101 1033 1172 1112 παρ’
1197 1033 1311 1113 αὐτῶν;
1336 1033 1424 1097 hisce

251 1149 357 1213 verbis
393 1149 519 1232 propria
551 1149 797 1232 praepositionis
821 1149 870 1212 vis
893 1152 1049 1229 servatur,
1072 1165 1188 1231 nempe
1212 1165 1229 1212 e
1251 1148 1425 1228 vicinitate,

250 1283 269 1327 a
303 1263 402 1327 latere
432 1262 619 1343 cuiusdam
652 1261 719 1326 fere
745 1279 806 1342 „ex
830 1260 907 1326 aede
930 1259 1069 1326 Vestae'’
1093 1265 1218 1325 vertere
1242 1279 1426 1344 possumne,

249 1379 294 1441 ita
330 1383 365 1441 ut
399 1376 507 1440 localis
542 1377 628 1440 notio
660 1376 827 1440 inhaerere
850 1375 1016 1456 videatur).
1040 1375 1230 1439 Aretissime
1255 1371 1448 1438 cohaerent

251 1489 347 1556 verba
382 1490 631 1572 exigendi,
666 1487 959 1572 colligendi,
992 1489 1214 1572 eligendi
1249 1492 1345 1572 (quae
1369 1507 1422 1552 su·

251 1604 359 1668 mendi
382 1604 491 1667 omnia
515 1602 635 1667 hahent
658 1601 946 1686 significationem).

294 1716 532 1801 Exigendi
558 1715 653 1780 verba
678 1716 765 1780 hisee
789 1720 988 1799 usurpantur
1010 1717 1106 1780 locis:

295 1831 348 1913 47,
373 1830 424 1913 16,
448 1832 485 1893 5:
518 1830 551 1894 τὸ
575 1828 700 1894 δέκατον
723 1837 778 1903 τῆς
801 1827 902 1901 οὐσίας
927 1829 998 1910 παρ’
1023 1828 1151 1893 ἑκάστου
1175 1831 1260 1910 σφῶν
1284 1826 1422 1909 ἐπράχθη

251 1945 386 2026 (decima
427 1963 501 2028 pars
544 1943 700 2008 bonorum
744 1942 783 2007 ab
828 1961 1027 2027 unoquoque
1068 1961 1178 2007 eornm
1216 1942 1424 2027 exigebatn13

252 2054 389 2138 ἐπράχθη
439 2058 605 2141 passivum
646 2075 750 2140 genus
793 2061 841 2121 est
877 2057 1023 2121 medialis
1057 2055 1179 2121 formae
1215 2054 1423 2136 πράττεσθαι).

251 2169 381 2236 Cassius
404 2168 466 2233 Dio
489 2172 524 2233 in
550 2170 648 2234 huius
669 2168 759 2234 verbi
784 2173 946 2235 structura
970 2188 1035 2233 non
1060 2168 1200 2233 multum
1219 2169 1259 2234 ab
1280 2171 1422 2253 antiqui-

250 2285 361 2350 oribus
397 2285 580 2366 declinavit,
614 2303 755 2368 quorum
790 2303 887 2348 nsum
921 2285 1034 2368 paucis
1065 2283 1222 2368 exemplis
1244 2282 1449 2348 illustrabo·

250 2400 404 2463 Activnm
441 2394 588 2477 πράττειν
623 2398 852 2482 exigendi
887 2397 1422 2482 quoquesensuoocurrit31egi·

251 2534 325 2579 mus
348 2533 374 2578 e.
397 2534 426 2597 g.
452 2513 538 2598 apud
561 2511 809 2578 Demosthenem
834 2513 875 2596 (p.
899 2512 973 2595 617,
998 2513 1069 2593 24);
1095 2511 1212 2584 διπλοῖς
1235 2507 1423 2591 πράττοντες

252 2627 309 2700 τάς
340 2627 491 2707 εἰσφοράς,
523 2646 597 2691 cum
630 2625 757 2691 duobus
792 2627 986 2691 accusativis
1013 2627 1223 2690 coniunctum
1247 2624 1333 2709 apud
1356 2623 1423 2689 He·

250 2742 398 2806 rodotum
434 2745 625 2824 usurpatum
661 2740 810 2804 videmus
844 2741 885 2822 (3,
921 2739 991 2818 58);
1016 2737 1127 2810 αὐτοὺς
1150 2737 1255 2802 ἑκατὸν
1278 2734 1422 2800 τάλαντα

252 2850 393 2935 ἔπραξαν,
429 2855 514 2937 apud
549 2853 797 2938 Xenophontem
829 2851 944 2932 (Anah.
978 2853 1006 2935 7,
1038 2852 1067 2933 6,
1093 2853 1162 2934 17);
1188 2850 1239 2914 ἐάν
1264 2849 1423 2931 πράττητε

252 2969 342 3033 αὐτὸν
377 2968 419 3032 τά
443 2968 603 3048 χρήματα.
630 2967 710 3032 Cum
735 2968 970 3052 praepositione
995 2965 1079 3046 παρά
1102 2968 1312 3031 coniunctum
1337 2966 1424 3051 apud

250 3082 449 3148 Herodotum
485 3083 624 3146 occurrit
666 3082 809 3146 uotiuum
844 3081 886 3163 (1,
922 3079 1015 3159 106);
1052 3078 1138 3160 Φάρον
1175 3077 1319 3160 ἔπρησσον
1352 3079 1424 3160 παρ’

251 3195 385 3261 ἑκάστων
428 3196 476 3260 τὸν
518 3193 671 3259 ἑκάστοισι
715 3193 901 3272 ἐπέβαλλον.
945 3193 1088 3258 Medium
1127 3191 1313 3273 πράττεσθαι
1348 3213 1423 3258 cum

251 3313 434 3376 accusativo
476 3311 523 3374 rei
565 3328 649 3394 quae
683 3311 825 3394 exigitur
859 3310 978 3396 omissa
1011 3327 1149 3393 persona
1184 3308 1302 3392 legitur
1336 3307 1422 3391 apud

251 3425 451 3490 Herodotum
487 3423 530 3506 (2,
566 3423 658 3516 126):
689 3421 869 3502 nausearent
892 3419 1037 3502 άργύριον,
1062 3421 1149 3506 apud
1172 3420 1422 3505 Aristophanem

252 3539 388 3624 (Thosm.
424 3537 519 3622 843):
556 3535 638 3600 τόκον
675 3536 850 3616 πράττοιτο,
886 3536 971 3620 apud
1006 3535 1173 3599 Platonem
1205 3534 1249 3618 (p.
1273 3534 1336 3596 511
1361 3532 1421 3618 D):

252 3650 297 3715 δύ’
321 3650 456 3729 ὀβόλους,
481 3650 524 3734 (p.
549 3651 614 3713 328
638 3649 697 3733 B):
712 3649 816 3726 μισθοῦ
829 3644 858 3712 ὃν
872 3646 1059 3728 πράττομαι,
1074 3647 1160 3731 apud
1172 3645 1423 3712 Demosthenem

252 3767 294 3850 (p.
330 3765 403 3842 506,
437 3764 509 3849 1o):
542 3763 649 3844 φόρους
670 3762 880 3843 πραττόμενοι.
906 3761 987 3826 (lum
1011 3763 1195 3826 accusativo
1219 3778 1424 3845 persensae

253 3900 316 3964 qua
335 3881 478 3963 exigitur
497 3879 629 3963 aliquid,
641 3880 761 3943 omissa
771 3897 815 3960 re,
826 3879 966 3941 occurrit
978 3859 1064 3960 apud
1075 3875 1277 3940 Herodotum
1290 3875 1335 3958 (5,
1348 3875 1422 3957 84):

251 3993 338 4065 τοὺς.
354 4043 360 4058 .
376 4042 383 4057 .
398 4043 405 4057 .
423 3992 592 4069 Αἰγινήτας
606 3991 787 4071 πρήσσεσθαι
802 3989 945 4054 ἐκέλευον.
961 3989 1096 4074 Saepius
1109 4008 1183 4052 oum
1197 3987 1318 4071 duplici
1331 4005 1424 4051 accu-

252 4109 354 4172 sativo
385 4107 566 4186 invenitur3
592 4105 677 4189 apud
700 4103 919 4184 Thucydidem
940 4123 965 4167 e.
978 4124 1008 4187 g.
1021 4103 1066 4186 (4,
1079 4103 1131 4185 65,
1145 4102 1196 4186 3):
1211 4099 1424 4180 Εὐρυμέδοντα

254 4221 405 4301 χρήματα
429 4217 610 4299 ἐπράξαντο,
631 4219 672 4302 (6,
693 4220 745 4300 54,
758 4219 794 4299 5,
811 4221 843 4300 8,
852 4218 881 4301 5,
894 4219 943 4298 5(;
958 4218 1043 4301 apud
1056 4216 1304 4300 Xenophontem
1317 4214 1423 4296 (Mem.

255 4336 283 4415 1,
318 4337 348 4416 2,
384 4336 432 4412 5);
471 4331 540 4404 τοὺς
574 4331 681 4395 ἑαυτοῦ
716 4331 938 4408 ἐπιθυμοῦντας
972 4329 1024 4393 οὐκ
1060 4325 1228 4410 ἐπράττετο
1261 4327 1423 4409 χρήματα,

253 4449 293 4528 (1,
318 4451 347 4530 2,
371 4447 432 4527 66;
458 4449 487 4528 1,
511 4447 540 4530 6,
566 4447 635 4527 11);
660 4445 746 4530 apud
769 4444 938 4510 Platonem
957 4445 997 4528 (p.
1016 4443 1083 4507 ’762
1104 4442 1159 4526 Β);
1181 4443 1235 4517 τὴν
1256 4441 1425 4507 διπλασίαν
