3400 5212
824 539 867 606 99

256 729 436 813 analogiam
474 728 635 812 quandam
672 728 779 792 inesse
813 746 887 790 cum
923 725 1030 789 verbis
1055 724 1209 808 lo'quendi
1234 725 1310 808 quia
1331 724 1433 788 iudex

258 844 314 928 qui
337 840 424 921 κρίνει
458 843 533 906 ius
566 841 707 922 dicit,
731 838 824 920 κρίσις
847 842 946 924 igitur
969 837 1009 902 ab
1034 858 1071 903 eo
1095 840 1165 902 sive
1187 836 1226 901 ab
1250 838 1320 901 eius
1344 845 1433 922 perte

257 957 450 1020 dicitur.
486 954 564 1019 Fere
597 954 677 1017 nihil
710 963 816 1018 tamen
841 956 997 1018 interesse
1020 953 1149 1016 videtur
1171 953 1255 1015 inter
1273 953 1432 1035 praeposi·

257 1071 361 1134 tiones
394 1067 480 1148 παρα
510 1073 541 1133 et
574 1068 632 1131 ὑπὸ
656 1088 729 1132 cum
755 1068 913 1132 eiusmodi
939 1067 1045 1131 verbis
1068 1067 1265 1130 coniunctas.
1288 1065 1434 1149 Saepius,

256 1184 340 1246 sicut
363 1183 466 1266 primo
490 1183 593 1266 capite
616 1188 698 1266 (pag.
726 1182 778 1259 17)
803 1181 954 1262 vidimus,
977 1178 1121 1260 κρίνεσθαι
1143 1177 1226 1259 παρῶ
1246 1202 1303 1243 τινι
1316 1180 1433 1262 legitur

256 1296 297 1359 ad
330 1295 536 1360 indicandam
571 1314 740 1379 personam
777 1314 883 1359 coram
920 1314 985 1378 qua
1019 1295 1175 1358 iudicium
1207 1293 1250 1356 fit.
1276 1292 1369 1357 Hanc
1392 1294 1432 1358 ob

256 1428 387 1473 oausam
424 1411 457 1472 ui
490 1407 593 1490 fallor,
627 1406 844 1472 leunclavius
880 1413 990 1472 nostro
1025 1408 1103 1488 loco,
1133 1407 1167 1470 id
1203 1408 1288 1490 quod
1319 1407 1433 1491 probat

257 1521 405 1586 Sturzius
435 1525 470 1584 in
503 1522 644 1586 editione
668 1541 737 1603 sua,
763 1521 834 1601 παρ’
859 1521 942 1599 αὐτῷ
966 1522 1071 1604 legere
1094 1521 1208 1584 maluit
1230 1540 1288 1603 pro
1312 1521 1432 1586 codicis

258 1635 365 1700 verbis
401 1635 473 1715 παρ’
508 1636 619 1714 αὐτσῶ;
657 1637 720 1699 ium
755 1636 971 1699 indicavimus
995 1654 1053 1698 cur
1077 1640 1188 1698 nostra
1210 1636 1341 1718 quidem
1366 1637 1432 1719 opi·

258 1752 355 1815 nione
391 1750 566 1813 mutatione
590 1767 671 1832 opus
696 1768 760 1811 uon
786 1748 837 1830 sit,
861 1767 935 1811 cum
961 1767 1056 1812 usum
1082 1745 1242 1812 Dioneum
1267 1749 1301 1810 in
1327 1747 1433 1812 verbis

258 1864 395 1948 passivis
427 1882 501 1926 cum
532 1862 768 1946 praepositione
801 1857 885 1940 παρα
916 1862 1098 1924 coniunctis
1122 1862 1340 1944 respiciamus.
1364 1861 1432 1924 lam

258 1984 443 2061 sequuntur
465 1983 569 2039 cetera
594 1974 740 2058 exempla
762 1972 817 2037 ubi
841 1974 986 2037 variandi
1007 1973 1110 2037 solum
1132 1993 1231 2037 causa
1242 1975 1434 2057 praepositio

260 2088 344 2171 παρα
370 2095 523 2172 usurpata
546 2106 617 2153 esse
643 2087 770 2152 videtur
792 2107 849 2171 pro
875 2087 1000 2171 vulgari
1026 2085 1102 2150 ὑπότ

304 2204 356 2287 71,
392 2205 422 2286 3,
456 2204 491 2266 3;
525 2199 657 2274 αἰτηθεὶς
690 2198 774 2280 παρῶ
797 2203 854 2264 τῶν
877 2204 1067 2280 στρατιωτῶν
1091 2201 1144 2264 οὐκ
1168 2197 1257 2264 ἔδωκε
1283 2199 1434 2280 χρήματα

258 2315 367 2395 (verba
390 2313 561 2399 Xiphinili‚
585 2313 782 2398 quibuscum
806 2314 999 2379 conterenda
1022 2320 1099 2378 sunt
1123 2315 1221 2380 verba
1245 2314 1327 2378 Petr.
1348 2313 1433 2378 Patr.

258 2431 291 2492 in
327 2448 395 2493 exo.
431 2429 551 2493 Vatio.:
589 2426 741 2509 χρήματα
774 2451 850 2492 ποτε
881 2427 1013 2501 αἰτηθεὶς
1048 2427 1129 2492 ὑπὸ
1164 2431 1221 2492 τῶν
1245 2430 1434 2508 στρατιωτῶν

259 2543 311 2606 οὐκ
335 2540 449 2623 ἔδακεν)
476 2563 538 2626 qua
562 2542 731 2607 collatione
755 2544 873 2626 optime
898 2543 1124 2606 corroboratur
1146 2545 1304 2608 sententia
1318 2548 1434 2625 nostra,

259 2657 412 2720 hocloco
437 2659 569 2720 omnino
593 2657 674 2719 nibil
699 2659 853 2721 iuteresse
877 2658 960 2720 inter
985 2655 1069 2737 παρα
1093 2664 1124 2721 et
1149 2656 1216 2720 ὑπό.

305 2771 357 2854 79,
384 2772 435 2852 19,
460 2773 497 2834 3:
522 2769 590 2842 τοὺς
614 2767 827 2844 ἐξαιτηθέντας
852 2770 924 2850 παρ’
948 2771 1124 2834 αὐτῶντῶν
1144 2771 1434 2849 σννασελγαινόντνιν

260 2883 342 2963 αὐτῷ
385 2883 518 2948 ἐκδοῦναι
556 2883 788 2961 ἀναγκασθέντα
822 2888 979 2965 (coactum
1016 2885 1131 2949 dedere
1163 2887 1202 2949 ad
1237 2888 1433 2970 supplicium

260 3017 341 3081 quos
365 2997 413 3060 illi
436 2996 660 3081 exposcebant,
680 3000 816 3082 turpiter
835 3017 909 3062 oum
930 3001 1001 3082 ipso
1018 3001 1171 3079 viventes)
1185 2999 1241 3063 ubi
1252 3001 1336 3064 idem
1352 3001 1435 3064 valet

259 3118 356 3194 atque
379 3112 526 3194 proximo
549 3111 629 3174 loeo.
650 3110 786 3175 Nullum
806 3111 940 3175 verbum
963 3113 1084 3177 addens
1098 3112 1432 3198 aliadaboexemple:

305 3225 357 3308 77,
382 3226 412 3308 2,
438 3226 474 3288 3:
500 3223 721 3304 ἑκατόνταρχνί
742 3248 820 3297 τινες
842 3225 1032 3300 ἐσεπήδνσαν
1055 3225 1158 3307 ἀθρόοι,
1184 3225 1267 3308 παρὰ
1290 3230 1342 3290 τοῦ
1362 3227 1433 3291 Ἀν-

259 3337 374 3401 τισνίννν
400 3337 742 3418 προπαρεσκευασμένον.

306 3452 357 3534 70,
396 3453 425 3534 1,
462 3453 497 3514 1;
530 3447 614 3525 οὗτος
646 3454 699 3533 (sc.
723 3453 923 3535 Antoninus)
948 3455 1020 3534 παρ’
1046 3453 1154 3518 ἐκείνου
1179 3459 1237 3536 (τοι
1257 3455 1433 3536 Hadriano)

260 3562 378 3637 ἐποιήθη
403 3564 584 3650 (adoptatus
608 3570 677 3648 est),
698 3586 780 3651 quae
803 3567 906 3631 forma
931 3571 1058 3651 passiva
1081 3569 1245 3632 derivatur
1268 3588 1286 3632 a
1307 3569 1433 3633 mediali

259 3680 360 3744 forma
396 3680 542 3744 ποιεῖσθαι
567 3681 739 3764 adoptandi
763 3680 996 3764 significatione
1020 3681 1192 3764 (Xiphilini
1216 3688 1293 3746 suut
1316 3682 1433 3763 verba).

306 3794 358 3877 77,
390 3795 444 3877 21,
470 3795 504 3856 l:
539 3793 667 3874 ἰσχυρῶς
690 3791 820 3857 ἔπταισε
844 3795 915 3874 παρ’
940 3795 1038 3858 αὐτῶν
1062 3801 1115 3874 (sc.
1140 3797 1314 3876 Armeniis)
1339 3797 1433 3871 ἡττη-

260 3905 317 3979 θείς
348 3907 510 3988 (Thucyd.,
540 3907 668 3986 Herod.5
700 3907 790 3972 Plato
816 3905 876 3970 ὑπό
899 3929 976 3980 τινος
1000 3909 1149 3982 ἠττῶσῶαι
1177 3917 1433 3994 usurpaverunt).

303 4021 340 4084 of.
366 4021 477 4102 Polyb.
501 4021 569 4105 (32,
595 4022 648 4103 28,
674 4021 726 4105 1):
752 4019 915 4094 ’Ἄτταλος
939 4021 1077 4096 ἡττηθεὶς
1101 4021 1184 4102 παρὰ
1208 4022 1358 4103 Προυσίαν.

303 4136 357 4219 47,
389 4136 443 4219 40,
473 4136 509 4219 ὃς
535 4131 591 4198 ὅσα
615 4133 778 4213 πειρατῶν
802 4133 957 4214 ῶνθρῶπιιν
981 4134 1063 4199 κατα
1088 4135 1259 4215 σνντνχίαν
1282 4135 1431 4216 ἐπράχθη.

260 4250 327 4325 (ubi
351 4256 561 4333 opponuntur
584 4268 621 4312 ea
646 4268 729 4331 quae
752 4249 784 4312 ἐκ
808 4253 860 4312 τοῦ
885 4247 1036 4326 δαιμονίαν
1060 4249 1151 4330 σφίσι
1177 4248 1366 4330 πρσεδείχθν,
1389 4253 1434 4314 ita

262 4370 297 4426 ut
330 4363 566 4447 quodammodo
601 4384 619 4426 a
654 4369 743 4446 parte
780 4364 947 4426 hominum
983 4364 1062 4447 quid
1094 4364 1214 4428 factum
1238 4366 1279 4428 sit
1301 4364 1433 4429 fortuito

263 4478 343 4540 verti
363 4478 484 4560 possit).
