3378 5212
797 572 860 636 139

238 757 301 821 der
325 755 551 822 Griechischeu
577 757 717 841 Sprache
741 777 803 822 von
827 753 1135 823 Kiihner·Gerth”.³
1157 757 1199 821 Π.
1226 759 1255 840 1,
1279 778 1308 842 p.
1333 758 1415 838 513;

243 892 261 935 a
286 871 448 936 Classenio
473 891 602 956 quoque
624 874 657 935 in
683 873 822 937 editione
846 892 905 936 sua
928 869 960 958 (⁴
983 871 1031 936 ed.
1055 867 1190 957 Steup);
1214 892 1233 935 a
1253 870 1416 955 Stephano

243 987 276 1048 in
311 984 473 1049 Thesauro
508 982 586 1071 (vol.
623 988 654 1070 6,
683 987 742 1050 ool.
776 983 865 1073 198),
888 1005 1084 1070 quamquam
1108 987 1142 1049 in
1165 985 1277 1049 infima
1300 985 1417 1069 pagina

244 1099 374 1163 adnotat
411 1101 534 1182 ,possis
558 1099 664 1164 dicere
688 1119 744 1183 per
766 1099 953 1181 ablativum,
975 1120 1035 1164 sua
1058 1100 1263 1184 negligentia,
1287 1098 1418 1184 perinde

245 1232 281 1276 ao
318 1215 346 1277 si
379 1220 463 1278 esset
493 1222 530 1294 τῇ
563 1212 671 1277 ἑαυτοῦ
703 1210 887 1300 ἀμελείᾳ”),
909 1214 1036 1310 ¹iniuria
1060 1215 1094 1276 ni
1112 1213 1213 1277 fallor.
1237 1211 1318 1276 Mihi
1340 1231 1417 1277 vero

222 1317 318 1392 ¹cum
353 1331 455 1391 totum
491 1326 689 1408 Thucydidis
725 1327 831 1391 locum
868 1327 1045 1409 considero,
1079 1327 1254 1392 verisimile
1289 1327 1418 1391 videtur

245 1442 510 1525 praepositionem
548 1437 631 1521 πνρδ
662 1460 727 1503 non
759 1459 830 1505 esse
853 1441 1029 1525 praeditam
1053 1441 1175 1505 causali
1198 1443 1338 1521 notione,
1361 1439 1418 1504 sed

245 1557 430 1620 vertendam
466 1573 537 1619 esse
563 1552 672 1638 ,pro”.
700 1553 945 1638 „Peloponnesii
969 1553 1087 1636 enim”,
1110 1557 1154 1618 ita
1176 1554 1318 1619 Pericles
1341 1572 1417 1618 suos

244 1669 429 1752 alloquitur,
467 1688 550 1748 „non
582 1668 692 1732 eadem
723 1688 835 1734 omnes
859 1669 1023 1749 affectant3
1048 1688 1105 1754 pro
1129 1687 1164 1732 se
1188 1670 1328 1753 quisque
1350 1686 1418 1732 rem

517 1780 606 1844 νινσδν
628 1777 755 1854 ἕκαστος
777 1779 912 1846 σπεύδεν·
937 1781 989 1846 καί
1013 1781 1072 1864 γὰρ
1096 1781 1121 1846 oi
1144 1781 1200 1859 μὲν
1219 1783 1256 1854 ὥς
1275 1777 1419 1858 μείλισσεν

245 1893 473 1976 τιμωρήσασθαί
501 1918 570 1958 rrae
603 1893 776 1972 delituerat,
804 1895 829 1960 oi
853 1895 885 1959 δὲ
909 1896 946 1969 ὥς
969 1891 1081 1969 dxtera
1104 1895 1146 1960 τὰ
1169 1895 1264 1966 οἰκεῖν
1287 1893 1418 1975 φθεῖραν·

245 2010 372 2074 tandem
405 2008 578 2092 aliquando
601 2028 675 2073 cum
700 2011 784 2074 iuter
807 2028 862 2075 eos
884 2029 936 2074 res
961 2011 1120 2092 convenit,
1142 2029 1242 2094 parva
1265 2028 1306 2074 ex
1330 2013 1419 2092 parte

246 2141 435 2186 communes
469 2143 521 2188 res
557 2128 711 2207 spectant,
745 2125 866 2188 maiore
900 2129 1007 2189 autem
1031 2143 1072 2188 ex
1096 2129 1187 2208 parte
1210 2124 1279 2188 suis
1303 2141 1418 2186 oonsu-

245 2236 318 2300 lunt
340 2235 453 2316 nebim,
479 2236 531 2301 κνιί
551 2233 678 2310 ἕκαστος
698 2237 729 2300 σύ
751 2260 785 2300 π,
807 2237 861 2312 τὴν
882 2236 990 2301 ἑαυτοῦ
1002 2235 1150 2314 ἀμέλειαν
1163 2232 1257 2300 eierat
1271 2232 1418 2315 βλάψειν,

246 2349 350 2427 μέλειν
374 2349 406 2413 δὲ
429 2374 486 2414 τινι
511 2350 563 2415 aa>
586 2348 674 2429 datae
698 2350 779 2416 etc.'’
802 2350 979 2416 Postremis
1003 2350 1109 2416 verbis
1132 2349 1273 2414 Pericles
1296 2351 1366 2432 hoc,
1385 2351 1420 2413 ni

245 2464 346 2546 fallor,
367 2464 496 2547 indicat,
517 2485 680 2549 quemque
704 2464 1024 2549 Peloponnesiorum,
1047 2485 1121 2529 cum
1134 2483 1200 2528 rem
1215 2482 1418 2528 communem

246 2578 469 2662 neglegentius
499 2583 622 2660 tractet,
646 2599 711 2642 non
735 2578 884 2643 arbitrari
908 2597 942 2643 se
965 2580 1118 2662 cuiquam
1141 2597 1212 2643 esse
1235 2579 1419 2642 nociturum

246 2711 325 2776 pro
349 2712 408 2756 sua
432 2693 635 2777 negligentia,
658 2693 712 2756 alii
735 2695 821 2757 enim
846 2692 974 2757 cuidam
997 2692 1085 2757 cordi
1105 2692 1251 2758 futurum
1272 2711 1331 2756 sua
1351 2691 1421 2753 vioe

246 2805 344 2870 rebus
378 2808 567 2890 prospicere.
602 2805 676 2870 Non
711 2812 760 2870 est
794 2825 853 2870 cur
887 2824 1077 2870 censeamus
1113 2824 1278 2889 quemque
1309 2823 1420 2868 eorum

248 2940 330 3005 quos
364 2921 508 2984 nominet
532 2925 638 2983 orator
660 2920 807 2984 arbitrari
830 2939 865 2984 se
887 2940 952 2983 non
988 2919 1038 2983 ob
1074 2919 1302 3003 negligentiam
1327 2936 1419 2982 suam

248 3034 399 3116 cuiquam
430 3051 501 3097 esse
531 3034 726 3112 nociturum,
758 3034 876 3096 etenim
900 3052 942 3096 ex
966 3033 1160 3116 negligentia
1184 3052 1243 3096 sua
1267 3032 1420 3095 damnum

248 3165 288 3210 ne
322 3148 492 3210 minimum
529 3146 658 3230 quidem
694 3147 847 3230 cuiquam
879 3146 1010 3210 allatum
1042 3147 1082 3209 iri
1105 3165 1200 3210 nemo
1224 3145 1341 3227 credat,
1364 3144 1421 3208 sed

248 3279 312 3324 non
336 3265 461 3324 tantum
485 3265 650 3343 exspectat
673 3260 827 3324 damnum
850 3260 929 3341 fore,
952 3264 1072 3343 quanta
1095 3259 1193 3324 fuerit
1217 3259 1420 3344 negligentia.

292 3372 340 3438 De
362 3373 398 3437 fr.
425 3374 500 3456 107,
526 3373 556 3456 1,
581 3373 636 3437 ubi
660 3354 888 3438 correctionem
913 3373 1119 3438 Reislrianam
1140 3373 1420 3456 lrdprocodioum

247 3489 384 3552 lectione
409 3509 493 3567 napa
517 3488 598 3566 (sine
621 3489 766 3567 accentu)
790 3489 823 3551 in
848 3492 974 3552 textum
998 3489 1118 3572 recepit
1130 3509 1159 3551 v.
1172 3489 1209 3551 ol.
1221 3488 1422 3570 Boissevain,

247 3601 364 3665 additis
398 3601 433 3663 in
464 3603 551 3666 calce
581 3604 716 3686 paginae
741 3602 848 3666 verbis
875 3623 935 3684 „an
961 3600 1090 3684 νρδςδ”,
1111 3603 1223 3686 paucis
1248 3602 1420 3666 dicendum

248 3716 383 3781 videtur.
419 3715 508 3779 Haec
542 3721 619 3780 sunt
654 3735 738 3800 quae
772 3717 926 3800 leguntur
958 3717 996 3781 de
1020 3714 1190 3800 Pompeio:
1216 3712 1366 3794 ἐξωρμήθν
1391 3715 1421 3788 ἐς

1281 3836 1296 3848 n
1320 3827 1327 3852 1

248 3829 281 3894 εδ
316 3829 438 3901 Πικννδν
473 3828 564 3901 αὐτὸς
600 3828 653 3908 ἐφ’
689 3827 795 3893 ἑαυτοῦ
810 3876 818 3890 .
832 3876 839 3890 .
855 3877 883 3895 ..
916 3827 968 3892 κν)
1002 3829 1072 3908 παρ’
1098 3827 1214 3893 ἐκείνων
1239 3853 1329 3910 gupa
1353 3852 1421 3893 srva

248 3942 299 4007 aa
336 3941 460 4028 (napea)
496 3942 550 4016 τὴν
583 3945 634 4006 τοῦ
659 3941 773 4022 πατρὸς
797 3940 958 4019 ἡγεμονίαν
981 3940 1117 4022 νὲίρσίσσς
1141 3940 1320 4006 δυναστείαν
1345 3940 1421 4006 ίδίνν

248 4054 380 4129 συνίστη.

291 4168 341 4234 Ne
364 4169 466 4233 dicam
490 4168 529 4232 de
553 4169 636 4232 malo
661 4188 741 4233 sono
765 4171 822 4253 qui
844 4171 929 4234 inest
949 4170 1179 4235 vocabulorum
1200 4173 1422 4235 coniunctioni

249 4280 320 4361 παρ’
355 4279 468 4345 ἐκείνων
504 4281 589 4361 παρὰ
624 4280 678 4354 τὴν
713 4279 883 4360 ἡγεμονίαν,
914 4301 1027 4366 rogare
1050 4283 1132 4366 licet,
1157 4289 1266 4348 utrum
1292 4284 1422 4350 Cassius

248 4394 309 4459 Dio
343 4395 440 4460 verba
476 4417 511 4457 π.
548 4395 603 4468 τὴν
627 4393 787 4472 ἡγεμονίαν
809 4391 947 4475 ἁθροίζειν
972 4394 1125 4461 adhibere
1149 4400 1290 4482 potuerit
1311 4418 1422 4465 necne.

249 4508 388 4594 Quoquo
411 4508 505 4573 modo
529 4528 580 4573 res
599 4529 633 4575 se
653 4509 757 4592 habet,
777 4511 1022 4594 praepositionis
1045 4509 1130 4591 rapot
1150 4513 1199 4576 vis
1219 4513 1421 4597 aliquantum
