3378 5212
835 533 898 596 116

280 722 348 780 tum
373 715 511 798 adhibet,
535 736 649 801 nempe
675 719 726 801 73,
750 720 802 801 17,
827 719 863 783 4:
888 720 1066 797 συναγαγὼν
1091 721 1173 797 ἡμᾶς
1196 721 1226 793 ἐς
1246 719 1280 783 τὸ
1300 719 1452 794 Ἀθήναιον

280 828 464 906 καλούμενον
478 879 484 894 .
500 879 507 894 .
523 879 552 894 ..
583 828 625 893 τα
658 831 741 911 παρὰ
764 837 821 896 τῶν
844 836 1033 913 στρατιωτῶν
1057 833 1198 907 ἐδήλωσε.
1224 833 1321 918 (quae
1346 835 1453 918 verba,

279 962 297 1007 e
326 942 497 1027 Xiphilino
526 944 704 1028 desumpta,
728 947 807 1010 mihi
831 950 989 1031 respicere
1013 947 1164 1012 videntur
1188 966 1331 1031 eagquae
1353 948 1451 1031 paulo

279 1059 459 1121 antedicta
483 1064 576 1122 sunt:
601 1061 688 1122 τοῦτο
711 1058 805 1139 Σιλίῳ
830 1059 1051 1142 Μεσσσίλατῷ
1076 1058 1257 1124 ὑπατεύοντι
1282 1058 1353 1124 τότε
1375 1061 1450 1138 ἐμή-

279 1193 377 1234 νυσαν.
422 1170 540 1236 Milites
573 1173 684 1256 itaque
717 1175 844 1239 consuli
878 1173 956 1238 Silio
992 1173 1147 1239 Messalae
1182 1173 1451 1258 significaverant,

276 1302 482 1367 percussores
506 1285 684 1350 Pertinacis
706 1306 777 1351 esse
797 1288 1053 1371 comprehensos,
1078 1307 1141 1372 quo
1153 1287 1237 1352 facto
1250 1288 1363 1352 consul
1376 1308 1451 1353 con-

278 1399 400 1463 vocatis
423 1399 625 1464 senatoribus
648 1402 682 1463 in
706 1402 910 1466 Athenaeum
924 1401 1009 1486 quod
1022 1401 1197 1484 dicebatur,
1209 1403 1360 1484 exposuit
1372 1402 1450 1486 quid

279 1533 298 1576 a
322 1511 478 1577 militibus
501 1520 585 1578 esset
608 1514 727 1578 factum
752 1517 822 1580 sive
841 1515 1074 1599 significatum
1087 1515 1180 1580 facile
1193 1516 1334 1599 suppleri
1347 1522 1452 1599 potest

279 1627 483 1709 participium
508 1626 686 1703 μηνυθέντα,
710 1628 755 1692 ita
779 1633 814 1691 ut
833 1627 968 1693 verbum
982 1629 1109 1692 dicendi
1123 1630 1279 1692 omissum
1291 1629 1451 1712 fingatur).

321 1738 494 1823 Nusquam
529 1739 660 1805 Cassius
694 1739 756 1805 Dio
791 1742 986 1807 locutionem
1024 1761 1107 1825 quae
1141 1747 1190 1806 est
1221 1741 1246 1805 σί
1271 1741 1343 1821 παρ’
1369 1743 1451 1819 ἡμῶν

278 1854 347 1917 sive
381 1854 479 1917 αὐτῶν
514 1874 611 1938 quam
646 1857 833 1939 saepissime
868 1857 954 1940 apud
989 1855 1160 1937 Polybium
1185 1857 1332 1940 legimus,
1356 1876 1450 1921 usur-

277 1985 371 2050 passe
394 1967 531 2032 videtur.

322 2194 341 2275 §
377 2193 405 2256 6.
437 2191 499 2257 Sed
531 2196 568 2255 ut
590 2192 673 2255 hanc
697 2191 924 2275 disputationis
948 2196 1076 2256 nostrae
1098 2198 1220 2276 partem
1245 2193 1450 2260 absolvamus

276 2312 378 2372 restat
394 2281 397 2290 ⁸
413 2312 449 2370 ut
482 2325 585 2390 pauca
621 2306 818 2370 disseramus
854 2305 893 2370 de
928 2306 1091 2370 locutione
1125 2306 1216 2379 αὐτὸς
1247 2307 1318 2387 παρ’
1343 2308 1449 2372 ἑαυτοῦ

277 2440 373 2504 quam
400 2419 450 2484 bis
475 2418 560 2503 apud
584 2416 721 2482 Dionem
745 2420 886 2502 repperi:

321 2534 375 2617 42,
398 2535 452 2617 20,
478 2535 513 2596 l:
540 2533 600 2612 οὐχ
624 2527 670 2596 ὅτι
695 2531 747 2596 καὶ
770 2532 864 2604 αὐτὸς
888 2531 960 2612 παρ’
984 2533 1090 2596 ἑαυτοῦ
1113 2533 1144 2596 σύ
1165 2534 1246 2598 τοῦτ’
1268 2533 1322 2608 ἤδη
1345 2535 1450 2613 λαβὼν

276 2640 369 2727 εἶχεν,
394 2647 468 2711 αλλ’
495 2643 541 2709 ἵνα
564 2645 617 2710 καί
640 2647 669 2709 ἐν
693 2644 769 2726 νόμῳ
793 2645 827 2720 δή
852 2670 910 2709 τινι
934 2646 1010 2711 αὐτὸ
1040 2653 1134 2711 ποιεῖν
1158 2644 1238 2727 δόξῃ.
1263 2652 1339 2728 (non
1363 2650 1450 2734 quod

275 2763 304 2825 is
338 2781 407 2826 eam
445 2759 506 2824 sibi
540 2765 728 2844 potestatem
763 2760 908 2824 nondum
932 2762 1001 2844 ipse
1024 2763 1225 2846 sumpsisset,
1248 2763 1304 2827 sed
1329 2765 1450 2827 utiam

276 2875 454 2939 secuudum
480 2874 566 2958 leges
589 2893 739 2939 exercere
763 2875 945 2954 videretur).

323 2989 376 3072 52,
409 2989 461 3071 35,
495 2991 532 3052 2:
563 2986 668 3051 τιίντα
692 2987 723 3051 δὲ
748 2987 783 3062 δή
804 3012 852 3060 τις
874 2988 955 3052 αὐτα
975 2989 1067 3061 αὐτὸς
1090 2990 1161 3070 παρ’
1186 2990 1293 3053 ἑαυτοῦ
1318 2990 1450 3069 λαμβα-

277 3125 328 3165 ναν
352 3102 412 3181 οὐχ
436 3098 499 3167 dcco
522 3103 574 3166 οὐκ
598 3099 718 3165 ἔπαινον
742 3099 837 3182 ἴσχει,
862 3102 949 3166 σίλλίι
972 3100 1024 3166 καί
1048 3100 1172 3180 γέλωτα
1194 3105 1449 3185 τρνσσΦλισαιίνει

214 3267 216 3274 .
275 3216 374 3300 (quae
408 3235 485 3280 vero
517 3236 577 3281 suo
608 3216 879 3300 ipsiusimpulsu
905 3217 978 3300 quis
1002 3218 1126 3300 accipit,
1150 3236 1187 3281 ea
1210 3223 1338 3282 tantum
1360 3218 1451 3283 abest

199 3377 205 3388 .
277 3336 312 3393 ut
332 3330 456 3394 laudari
480 3330 604 3394 soleant
624 3335 660 3394 ut
682 3332 751 3395 risu
775 3331 882 3414 potius
907 3329 1133 3415 excipiantur).

319 3443 452 3508 Locutio
488 3443 559 3524 παρ’
593 3443 696 3507 ἑαυτοῦ
722 3442 831 3507 διδόναι
855 3467 885 3506 τι
910 3463 992 3528 qnae
1016 3446 1143 3528 saepius
1167 3445 1254 3528 apud
1277 3447 1450 3529 scriptores

274 3559 401 3642 legitur,
433 3556 594 3641 significat
624 3559 713 3640 ,suis
737 3557 941 3641 sumptibns'’
965 3559 1035 3622 sive
1060 3557 1119 3639 „de
1142 3558 1223 3623 suo'¹
1248 3559 1324 3624 dare
1348 3561 1447 3644 alqd.;

274 3672 429 3736 translato
463 3690 562 3736 sensu
597 3673 707 3755 itaque
742 3673 860 3735 nostris
890 3671 969 3736 locis
993 3672 1182 3736 vertendum
1208 3691 1279 3737 esse
1302 3673 1447 3737 videtur:

277 3804 353 3869 „per
376 3805 419 3868 se,
443 3804 503 3849 suo
526 3785 631 3869 ipsius
654 3783 809 3868 impulsu,
832 3803 897 3847 non
923 3784 1037 3848 alienis
1061 3783 1208 3867 opibus'’.

319 3896 416 3962 (lasui
458 3897 627 3962 tribuerim
673 3897 762 3981 quod
796 3917 862 3961 non
897 3899 960 3962 nisi
995 3899 1204 3961 coniunctum
1241 3917 1313 3962 cum
1351 3899 1449 3964 verbo

277 4009 549 4090 rapacissimo
573 4013 693 4076 locutio
718 4012 804 4095 apud
828 4009 966 4075 Dionem
991 4013 1139 4075 occurrit.
1163 4012 1316 4076 Attamen
1342 4018 1448 4078 osten·

275 4125 356 4189 dunt
391 4127 469 4189 baec
504 4125 651 4208 exempla
682 4125 856 4209 ampliandi
881 4125 1042 4208 quoddam
1067 4125 1210 4214 studium
1234 4127 1268 4188 in
1294 4129 1449 4211 scriptore
1518 4201 1521 4206 ¹

275 4247 393 4303 nostro,
417 4238 500 4303 Nam
524 4241 551 4303 si
577 4241 649 4322 quis
670 4239 786 4303 dicitur
807 4238 877 4319 παρ’
899 4238 1005 4303 ἑαυτοῦ
1026 4237 1149 4302 ἐκτίνειν
1168 4242 1237 4304 sive
1258 4240 1328 4319 παρ’
1343 4239 1448 4304 ἑαυτοῦ

274 4350 450 4416 ἀναλίσκειν
473 4356 520 4435 (ut
543 4355 578 4416 in
602 4351 783 4417 oratoribus
808 4355 877 4435 est),
896 4353 951 4416 ille
971 4373 1102 4437 quoque
1114 4351 1271 4416 αίναλίσκει
1298 4353 1449 4431 λαβὼν

275 4466 348 4547 παρ’
373 4466 491 4530 ἑαυτοῦ.
