3378 5222
829 492 871 556 26

266 683 296 763 8,
333 680 389 764 29)
424 685 487 752 τοῖς
520 701 554 742 π.
581 678 678 758 ἑωυτῷ
703 680 908 759 παρήγγειλεν
931 678 1114 764 significare
1138 681 1282 746 videtur:
1306 683 1357 764 iis,
1381 684 1439 767 qui
1535 673 1538 678 ⁵

263 796 297 858 in
321 795 485 859 vicinitate
509 793 560 858 vel
583 794 617 856 in
640 793 853 859 contubernio
876 794 943 858 fere
966 800 1073 873 erant3

307 907 388 972 Item
412 909 464 971 iu:
490 907 541 982 36,
565 909 601 969 8:
625 905 725 986 ἀνδρὸς
749 907 779 980 ἐς
803 906 845 971 τὰ
870 911 975 988 πρῶται
987 910 1044 970 τῶν
1058 907 1129 988 παρ’
1143 907 1248 980 αὐτοῖς
1261 903 1436 986 ἀξιουμένου

264 1023 308 1085 ita
342 1019 604 1102 coniungendum
637 1020 779 1084 videtur:
813 1019 914 1100 ἀνδρὸς
937 1023 994 1083 τῶν
1020 1043 1054 1082 π.
1080 1020 1185 1093 αὐτοῖς
1208 1021 1238 1093 ἐς
1261 1019 1304 1085 τὰ
1330 1023 1436 1102 πρῶτοι
1538 1097 1542 1106 ‚

264 1130 448 1212 ἀξιουμένου,
471 1134 516 1196 ita
540 1137 575 1196 ut
599 1131 773 1216 significet:
799 1135 869 1214 viri,
892 1135 977 1198 inter
1000 1132 1073 1198 illos
1094 1136 1152 1218 qui
1165 1134 1249 1218 apud
1262 1153 1317 1198 eos
1330 1134 1435 1200 officio

264 1249 403 1332 quodam
427 1245 653 1331 fungebantur,
676 1249 710 1310 in
735 1249 848 1330 primis
873 1247 1050 1312 honoribus
1074 1247 1187 1312 affecti.

306 1359 357 1424 De
378 1361 543 1425 locutione
566 1359 591 1422 ol
615 1357 698 1439 nepot
718 1383 776 1423 τινι
790 1362 885 1425 etiam
897 1360 1110 1426 conferendus
1124 1366 1188 1425 est:
1202 1362 1436 1445 Aristophanes

265 1474 373 1558 (Vesp.
399 1475 494 1557 279lt
519 1473 598 1538 πολὺ
622 1472 806 1555 δριμύτατος
826 1469 859 1548 ἦν
879 1477 936 1538 τῶν
947 1475 1016 1555 παρ’
1031 1476 1114 1552 ἡμῖν,
1129 1475 1184 1539 ubi
1199 1475 1436 1557 „nostratium”

263 1587 328 1653 fere
352 1587 542 1672 significatio
564 1590 655 1653 inest.

309 1705 359 1784 56,
385 1703 434 1785 18,
458 1703 495 1765 3:
528 1699 573 1765 nol
596 1723 629 1765 π.
655 1699 771 1774 ἐκείνοις
794 1701 925 1776 oculatim
953 1721 1023 1784 „res
1047 1722 1157 1767 eorum
1184 1700 1435 1767 administrans''

263 1815 446 1901 significant
479 1815 556 1880 haee
591 1814 704 1895 verba;
740 1816 934 1881 conferenda
969 1827 1046 1880 sunt
1080 1815 1307 1899 Xenophontis
1340 1815 1436 1880 verba

263 1931 378 2010 (Auab.
405 1931 432 2012 l,
459 1929 485 2011 7,
510 1931 558 2008 ll:
584 1927 626 1992 τὰ
648 1929 717 2010 παρ’
743 1927 810 2006 ἐμοὶ
834 1927 972 2004 {atatam
998 1931 1027 2010 l,
1052 1931 1081 2011 3,
1106 1931 1164 1993 al:
1190 1928 1231 1992 τὰ
1255 1929 1325 2010 παρ’
1351 1929 1434 2009 αὐτῷ

263 2045 416 2126 ἀσφαλῶς
440 2040 518 2121 ἔχει.
543 2041 697 2108 Cohaeret
720 2045 798 2108 haee
822 2045 942 2107 locutio
967 2064 1040 2108 cum
1066 2045 1137 2125 alia,
1162 2043 1218 2106 ubi
1240 2042 1434 2107 vocabulum

264 2156 439 2239 πράγματα
462 2157 606 2221 additum
631 2163 688 2239 est,
711 2158 801 2221 velut
826 2159 876 2238 ol,
903 2159 931 2238 5,
953 2159 988 2221 l:
1009 2156 1050 2220 rol
1070 2178 1101 2219 π.
1116 2156 1234 2229 ἑαυτοῖς
1248 2153 1434 2236 πράγματα,

265 2271 357 2354 „Res
381 2274 465 2336 siout
488 2273 521 2335 in
546 2290 656 2336 eorum
681 2271 811 2355 regione
833 2271 1067 2336 inveniuntur’'
1091 2272 1244 2336 denotant
1268 2291 1305 2336 ea
1328 2271 1435 2355 verba,

263 2385 302 2450 de
336 2384 455 2468 quibus
491 2404 588 2469 supra
623 2384 777 2466 diximus,
812 2384 932 2468 quibus
966 2386 1159 2468 praepositio
1192 2383 1276 2465 aaa
1300 2386 1433 2450 localem

261 2499 325 2562 vim
350 2498 497 2574 servavit,
519 2497 653 2581 paulum
677 2498 872 2563 translatam.

305 2610 456 2677 Restant:

308 2726 359 2808 56,
384 2726 435 2809 19,
459 2729 498 2787 h:
523 2723 593 2797 τοὺς
617 2723 700 2805 παρὰ
723 2723 830 2806 σφίσιν
849 2721 971 2788 ἕκαστοι
984 2723 1175 2804 στρατιώτας
1187 2724 1432 2799 ἀποκτείναντες.
1489 2747 1493 2756 “

248 2846 250 2850 ’
308 2841 358 2922 68,
383 2842 434 2923 29,
457 2840 498 2902 4:
543 2887 563 2911 ‚‚
642 2887 661 2911 ‚‚
764 2887 784 2911 „
898 2887 918 2911 ‚‚
984 2837 1125 2919 Φρουροὺς
1148 2835 1328 2917 ἐξέβαλλον.

304 2953 361 3019 ubi
402 2955 426 3016 ii
463 2953 581 3017 milites
616 2953 799 3036 (praesidia)
836 2953 992 3017 dicuntur
1028 2973 1110 3037 quos
1146 2956 1287 3038 quisque
1322 2974 1433 3019 eorum

262 3087 415 3132 seeum
453 3066 598 3149 habebat,
632 3066 666 3129 id
697 3072 746 3130 est
777 3068 833 3150 qui
858 3068 892 3129 in
917 3069 1082 3132 vicinitate
1105 3068 1156 3132 vel
1179 3070 1288 3151 potius
1311 3071 1431 3133 oiroum

262 3199 424 3265 quemque
456 3199 567 3244 eorum
599 3180 820 3263 versabantur,
843 3182 888 3244 ita
910 3188 947 3244 ut
980 3182 1158 3246 looalis
1194 3201 1323 3266 quoque
1346 3185 1434 3248 notio

261 3297 347 3360 insit.
