3400 5212
876 489 919 552 88

314 677 469 756 γΙγνεοθοον
505 677 668 756 dicuntur,
702 673 823 759 quibus
859 673 966 739 verbis
989 672 1200 756 significatur,
1222 674 1364 760 laudem,
1386 679 1497 764 indig-

313 794 486 871 nationem,
520 790 687 870 ultionem,
718 788 899 872 periculum
924 785 1096 872 quoddam,
1120 787 1288 868 invidiam,
1312 794 1496 858 contradic·

313 908 433 972 tionem
457 906 554 970 alicui
577 903 743 987 obtingere
765 923 784 966 4
806 907 897 986 parte
920 903 1063 986 alterius,
1083 907 1128 970 ita
1150 911 1186 971 ut
1205 924 1343 990 persona
1355 910 1496 991 genitivi

312 1019 415 1084 torma
438 1019 547 1083 addita
568 1018 795 1102 praepositioni
819 1014 962 1098 (πάντων,
986 1021 1037 1081 τοῦ
1062 1019 1195 1094 πλήθους
1217 1039 1244 1084 4.
1257 1026 1298 1099 4)
1321 1029 1496 1086 auctor

314 1135 357 1198 sit
378 1135 513 1198 actionis
538 1150 620 1216 quae
643 1130 845 1196 substantivo
868 1131 1037 1197 indicetur.
1062 1132 1174 1198 Cetera
1196 1135 1345 1218 exempla
1364 1135 1433 1220 (29,
1455 1138 1494 1218 1;

315 1248 368 1330 41,
403 1249 433 1329 9,
468 1247 507 1326 53
539 1247 591 1326 39,
620 1245 658 1325 83
683 1245 737 1326 44,
760 1246 813 1326 20,
839 1245 871 1328 1)
896 1246 982 1329 qued
1007 1247 1152 1311 diximus
1175 1247 1371 1312 confirmant
1394 1255 1495 1333 atque

314 1360 538 1439 corroborant;
575 1359 615 1423 iis
649 1377 780 1442 quoque
813 1359 985 1440 indicatur,
1014 1361 1129 1442 risum,
1162 1361 1346 1444 clamorem,
1370 1363 1495 1426 tumul·

314 1482 384 1538 tum
420 1473 460 1537 ab
491 1472 630 1537 alicuius
660 1477 749 1556 parte
779 1471 860 1554 fieri,
883 1473 939 1536 sed
962 1472 1060 1537 iidem
1085 1473 1135 1537 illi
1158 1477 1321 1539 nominari
1344 1481 1496 1542 auctores

314 1593 451 1671 possunt
484 1588 580 1668 risus,
610 1585 799 1650 clamorisve
828 1586 927 1668 illius,
958 1591 995 1650 ut
1018 1587 1059 1650 ad
1082 1589 1249 1671 passivum
1271 1608 1378 1673 genus
1402 1610 1494 1655 acce·

315 1701 369 1766 dat
402 1702 522 1766 locutio
557 1718 663 1784 neque
698 1699 837 1763 multum
872 1699 997 1764 differat
1028 1703 1221 1785 praepositio
1250 1702 1335 1783 παρὰ
1365 1703 1406 1767 ab
1432 1703 1493 1768 ὑπὸ

315 1817 557 1900 praepositione.
581 1812 785 1877 Paenultimo
809 1832 905 1896 quem
929 1814 1136 1880 laudavimus
1160 1816 1230 1880 loco
1250 1815 1494 1904 (80‚3,1)fere

315 1927 396 1992 nihil
419 1928 551 1992 interest
573 1928 656 1992 inter
674 1926 942 2010 praepositionem
956 1948 1052 2012 quam
1066 1931 1236 2013 usurpavit
1247 1929 1380 1996 Cassius
1392 1937 1493 2017 atque

316 2039 391 2121 tra
413 2042 586 2106 seditiones
608 2041 693 2105 enim
714 2040 857 2104 amultis
869 2041 991 2106 multae
1002 2041 1072 2106 fieri
1085 2042 1255 2123 dicuntur,
1269 2048 1369 2109 restat
1380 2050 1491 2111 tamen

314 2157 443 2239 propria
478 2155 527 2218 vis
562 2153 805 2248 praepositionis
841 2151 925 2233 παρὰ
957 2155 997 2218 ad
1027 2155 1247 2238 indicandum,
1271 2157 1492 2224 seditionesa

317 2270 427 2334 multis
450 2274 534 2332 ortas
558 2268 598 2331 ad
622 2268 702 2331 alios
725 2267 827 2350 dirigi.
854 2265 947 2342 Quod
971 2269 1010 2331 ad
1035 2275 1216 2333 extremum
1241 2271 1357 2336 attinet
1380 2292 1491 2337 exem-

315 2383 415 2467 plum,
451 2380 520 2469 (55,
556 2384 584 2465 1,
618 2379 657 2467 4)
689 2380 772 2461 Φωνὴ
806 2401 888 2464 quae
913 2380 997 2462 νοερὰ
1020 2385 1073 2446 τοῦ
1097 2382 1245 2459 δοννμονίου
1269 2382 1414 2462 γίγνεταί
1436 2411 1491 2466 τῳ,

315 2499 461 2580 proxime
491 2496 613 2560 accedit
636 2496 675 2559 ad
701 2494 798 2558 verba
820 2495 972 2560 veniendi
997 2494 1072 2580 quia'
1095 2515 1159 2560 vox
1184 2518 1202 2561 a
1226 2497 1277 2562 dei
1301 2505 1393 2582 parte
1416 2520 1491 2582 pro-

314 2610 396 2676 fecta
431 2613 460 2675 ei
483 2609 613 2674 obvenit
637 2629 732 2693 quem
756 2610 836 2673 deus
861 2628 991 2674 monere
1015 2609 1133 2689 voluit3
1159 2612 1193 2673 in
1217 2612 1346 2694 passivo
1369 2631 1492 2696 genere

315 2727 444 2809 saepius
467 2723 622 2788 babemus
643 2721 788 2800 λέγεσθαί
809 2747 839 2786 τι
863 2721 946 2802 aare
969 2747 1045 2796 τινος
1070 2723 1127 2787 ubi
1149 2723 1216 2789 fere
1234 2725 1319 2789 idem
1341 2726 1491 2806 44144ρά

316 2846 413 2923 atque
448 2836 507 2900 ὑπὸ
542 2835 599 2924 (de
630 2857 694 2921 qua
717 2837 844 2901 dicendi
867 2839 991 2903 ratione
1014 2844 1125 2921 postea
1148 2838 1331 2902 videbimus
1355 2858 1489 2904 accura-

315 2950 407 3038 tius),
441 2957 551 3016 nostro
582 2955 689 3015 autem
713 2950 782 3013 loco
806 2950 986 3033 explicatur
1008 2951 1075 3015 fere
1097 2951 1218 3014 locutio
1241 2953 1361 3035 passivi
1384 2953 1491 3018 forma

316 3072 478 3149 usurpata,
502 3067 579 3149 quia
601 3063 735 3129 verbum
760 3083 779 3127 4
802 3064 969 3127 cuiusdam
991 3070 1081 3148 parte
1100 3063 1315 3148 proficiscitur
1334 3066 1374 3130 ad
1387 3067 1489 3131 alium

316 3200 411 3264 quem
436 3180 557 3263 alloqui
580 3179 731 3243 volumus
755 3179 938 3262 petendum.
1007 3158 1009 3163 ’

359 3293 493 3359 Locutio
525 3313 619 3377 quam
652 3292 790 3376 elliptioe
812 3293 927 3356 dictam
953 3294 1119 3356 nominare
1142 3292 1248 3374 velim,
1272 3295 1413 3383 occurrit
1439 3296 1492 3376 52,

316 3412 368 3492 21,
393 3412 430 3474 2:
456 3406 618 3488 πολίαρχός
641 3430 685 3479 τις
699 3453 705 3467 .
721 3456 728 3472 .
743 3455 773 3469 ..
798 3405 1026 3477 οὶονοδείκνύοθω,
1050 3407 1110 3484 οὐχ
1135 3402 1269 3470 114...
1296 3404 1389 3486 ἄρχῃ,
1413 3409 1498 3471 ἀλλ”

317 3519 383 3586 tta.
475 3520 531 3594 τοὶς
555 3519 638 3593 δίκας
660 3518 716 3592 τοὶς
740 3544 772 3582 τε
797 3521 880 3599 arcp&
901 3518 1019 3584 adorco
1043 3516 1080 3584 ὧν
1103 3515 1185 3583 εἷπον
1209 3518 1359 3599 ἀρχόντων
1384 3520 1488 3602 ἔφεσί-

316 3660 389 3714 μονς
421 3659 455 3699 τε
487 3634 539 3698 aci
574 3633 811 3711 οὶνονννομπίμονς
844 3632 896 3697 καὶ
926 3633 983 3706 τοὶς
1018 3637 1067 3697 τοῦ
1103 3631 1228 3697 θανάτου
1259 3640 1320 3706 τοῖς
1339 3658 1373 3698 τε
1397 3636 1426 3698 ἐν
1449 3645 1487 3716 τῇ

317 3750 490 3814 ardum...
526 3749 577 3812 κονὶ
611 3754 671 3822 τοῖς
706 3744 760 3822 ἔξω
795 3748 978 3823 οεύτῆς....
1012 3747 1118 3810 οἰκοῦσι
1150 3746 1237 3827 κρίνῃ.
1271 3746 1419 3812 Sturzius
1443 3751 1488 3812 ita

316 3867 411 3930 vertit
444 3864 573 3928 Latine:
612 3862 816 3946 ,Praefectus
852 3861 943 3926 urbis
979 3861 1109 3944 quidam
1146 3860 1304 3925 creandus
1339 3867 1487 3943 estnon

316 3984 439 4043 ut....
474 3976 703 4062 rempublicam
739 3977 950 4057 administret,
983 3975 1039 4039 sed
1070 3981 1127 4038 ut.
1144 4024 1150 4034 .
1165 4021 1194 4038 ..
1219 3993 1333 4040 causas
1357 3995 1488 4060 quoque

316 4111 370 4157 eas
404 4094 438 4155 in
474 4092 594 4176 quibus
629 4092 669 4155 ab
705 4090 856 4155 omnibus
891 4089 1040 4152 indicatis
1064 4087 1305 4171 magistratibus
1328 4089 1487 4173 adpellare

316 4224 462 4289 quasque
491 4205 532 4268 ad
554 4206 751 4289 superiorem
775 4205 938 4268 remittere
960 4202 1043 4282 licet,
1066 4202 1210 4284 itemque
1233 4202 1393 4285 capitales,
1416 4223 1487 4287 par·

316 4319 373 4384 tim
408 4320 442 4382 in
476 4318 637 4384 urbe...
673 4320 787 4404 partim
819 4321 909 4381 extra
943 4313 1137 4379 urbem...
1162 4314 1346 4380 diiudicet.''
1369 4315 1486 4382 Verbis

316 4437 463 4499 accurate
496 4435 650 4517 inspectis
684 4432 876 4518 praepositio
914 4428 996 4509 παρὰ
1027 4429 1107 4491 mibi
1131 4430 1260 4494 videtur
1282 4430 1421 4515 pendere
1445 4449 1486 4495 ex
