<?xml version="1.0" encoding="UTF-8"?>
<!DOCTYPE html PUBLIC "-//W3C//DTD XHTML 1.0 Transitional//EN"
    "http://www.w3.org/TR/xhtml1/DTD/xhtml1-transitional.dtd">
<html xmlns="http://www.w3.org/1999/xhtml" xml:lang="en" lang="en">
 <head>
  <title>
</title>
<meta http-equiv="Content-Type" content="text/html;charset=utf-8" />
  <meta name='ocr-system' content='tesseract 3.04.00' />
  <meta name='ocr-capabilities' content='ocr_page ocr_carea ocr_par ocr_line ocrx_word'/>
</head>
<body>
  <div class='ocr_page' id='page_1' title='image "./depraepositioni00nawigoog_0109.png"; bbox 0 0 3404 5218; ppageno 0'>
   <div class='ocr_carea' id='block_1_1' title="bbox 835 527 898 591">
    <p class='ocr_par' dir='ltr' id='par_1_1' title="bbox 835 527 898 591">
     <span class='ocr_line' id='line_1_1' title="bbox 835 527 898 591; baseline 0.032 -2"><span class='ocrx_word' id='word_1_1' title='bbox 835 527 898 591; x_wconf 95' lang='grc'><strong>100</strong></span> 
     </span>
    </p>
   </div>
   <div class='ocr_carea' id='block_1_2' title="bbox 277 711 1455 4553">
    <p class='ocr_par' dir='ltr' id='par_1_2' title="bbox 278 711 1453 1026">
     <span class='ocr_line' id='line_1_2' title="bbox 323 711 1453 799; baseline -0.003 -19"><span class='ocrx_word' id='word_1_2' title='bbox 323 717 376 799; x_wconf 90' lang='grc'><strong>49,</strong></span> <span class='ocrx_word' id='word_1_3' title='bbox 401 716 454 798; x_wconf 91' lang='grc'><strong>37,</strong></span> <span class='ocrx_word' id='word_1_4' title='bbox 479 716 516 778; x_wconf 85' lang='grc'><strong>5;</strong></span> <span class='ocrx_word' id='word_1_5' title='bbox 542 720 638 777; x_wconf 83' lang='grc' dir='ltr'><em>τλοῑοο</em></span> <span class='ocrx_word' id='word_1_6' title='bbox 662 712 746 794; x_wconf 68' lang='lat' dir='ltr'><strong>erupit</strong></span> <span class='ocrx_word' id='word_1_7' title='bbox 771 717 828 777; x_wconf 85' lang='grc' dir='ltr'><strong>τῶν</strong></span> <span class='ocrx_word' id='word_1_8' title='bbox 848 711 947 794; x_wconf 70' lang='grc' dir='ltr'><em>τωνίτγ</em></span> <span class='ocrx_word' id='word_1_9' title='bbox 968 712 1146 793; x_wconf 70' lang='grc' dir='ltr'><em>συμμάχων</em></span> <span class='ocrx_word' id='word_1_10' title='bbox 1175 712 1453 792; x_wconf 78' lang='grc' dir='ltr'><em>τοννίέντοολωβοίν</em></span> 
     </span>
     <span class='ocr_line' id='line_1_3' title="bbox 278 827 1451 913; baseline 0 -21"><span class='ocrx_word' id='word_1_11' title='bbox 278 836 389 909; x_wconf 89' lang='lat' dir='ltr'><strong>(naves</strong></span> <span class='ocrx_word' id='word_1_12' title='bbox 424 851 444 893; x_wconf 90' lang='lat' dir='ltr'><strong>a</strong></span> <span class='ocrx_word' id='word_1_13' title='bbox 478 829 573 892; x_wconf 87' lang='lat' dir='ltr'><strong>soniis</strong></span> <span class='ocrx_word' id='word_1_14' title='bbox 609 829 649 891; x_wconf 87' lang='lat' dir='ltr'><strong>iis</strong></span> <span class='ocrx_word' id='word_1_15' title='bbox 672 828 753 892; x_wconf 84' lang='lat' dir='ltr'><strong>loeis</strong></span> <span class='ocrx_word' id='word_1_16' title='bbox 776 827 947 893; x_wconf 86' lang='lat' dir='ltr'><strong>fabricatas</strong></span> <span class='ocrx_word' id='word_1_17' title='bbox 971 829 1111 912; x_wconf 89' lang='lat' dir='ltr'><strong>aooepit;</strong></span> <span class='ocrx_word' id='word_1_18' title='bbox 1136 847 1202 912; x_wconf 63' lang='lat' dir='ltr'><strong>,quo</strong></span> <span class='ocrx_word' id='word_1_19' title='bbox 1226 829 1296 892; x_wconf 89' lang='lat' dir='ltr'><strong>looo</strong></span> <span class='ocrx_word' id='word_1_20' title='bbox 1321 848 1451 913; x_wconf 89' lang='lat' dir='ltr'><strong>praepo-</strong></span> 
     </span>
     <span class='ocr_line' id='line_1_4' title="bbox 279 939 1452 1026; baseline -0.003 -17"><span class='ocrx_word' id='word_1_21' title='bbox 279 946 352 1010; x_wconf 85' lang='lat' dir='ltr'>sitio</span> <span class='ocrx_word' id='word_1_22' title='bbox 376 942 461 1024; x_wconf 70' lang='grc' dir='ltr'><em>σωροί</em></span> <span class='ocrx_word' id='word_1_23' title='bbox 483 945 550 1006; x_wconf 86' lang='lat' dir='ltr'><strong>vim</strong></span> <span class='ocrx_word' id='word_1_24' title='bbox 575 942 666 1007; x_wconf 89' lang='lat' dir='ltr'><strong>verbi</strong></span> <span class='ocrx_word' id='word_1_25' title='bbox 690 942 778 1026; x_wconf 91' lang='lat' dir='ltr'><strong>quod</strong></span> <span class='ocrx_word' id='word_1_26' title='bbox 802 947 850 1006; x_wconf 88' lang='lat' dir='ltr'><strong>est</strong></span> <span class='ocrx_word' id='word_1_27' title='bbox 874 939 1047 1020; x_wconf 70' lang='grc' dir='ltr'><em>λαμβάνειν</em></span> <span class='ocrx_word' id='word_1_28' title='bbox 1066 948 1199 1025; x_wconf 86' lang='lat' dir='ltr'><strong>experta</strong></span> <span class='ocrx_word' id='word_1_29' title='bbox 1220 961 1291 1007; x_wconf 88' lang='lat' dir='ltr'><strong>esse</strong></span> <span class='ocrx_word' id='word_1_30' title='bbox 1305 943 1452 1020; x_wconf 90' lang='lat' dir='ltr'><strong>videtur).</strong></span> 
     </span>
    </p>

    <p class='ocr_par' dir='ltr' id='par_1_3' title="bbox 277 1053 1454 1710">
     <span class='ocr_line' id='line_1_5' title="bbox 323 1053 1453 1140; baseline 0 -20"><span class='ocrx_word' id='word_1_31' title='bbox 323 1058 377 1139; x_wconf 92' lang='grc'><strong>55,</strong></span> <span class='ocrx_word' id='word_1_32' title='bbox 411 1057 463 1140; x_wconf 92' lang='grc'><strong>10,</strong></span> <span class='ocrx_word' id='word_1_33' title='bbox 497 1057 554 1119; x_wconf 83' lang='lat'><strong>19:</strong></span> <span class='ocrx_word' id='word_1_34' title='bbox 587 1053 713 1132; x_wconf 81' lang='grc' dir='ltr'><em>ἐντίμως</em></span> <span class='ocrx_word' id='word_1_35' title='bbox 738 1054 822 1135; x_wconf 74' lang='grc' dir='ltr'><em>σωροὶ</em></span> <span class='ocrx_word' id='word_1_36' title='bbox 847 1053 969 1119; x_wconf 86' lang='grc' dir='ltr'><em>τοίντων</em></span> <span class='ocrx_word' id='word_1_37' title='bbox 992 1054 1215 1134; x_wconf 73' lang='grc' dir='ltr'><em>ὑποδεχόμενος</em></span> <span class='ocrx_word' id='word_1_38' title='bbox 1238 1060 1333 1140; x_wconf 85' lang='lat' dir='ltr'><strong>(quae</strong></span> <span class='ocrx_word' id='word_1_39' title='bbox 1357 1055 1453 1120; x_wconf 81' lang='lat' dir='ltr'><strong>verba</strong></span> 
     </span>
     <span class='ocr_line' id='line_1_6' title="bbox 278 1167 1452 1254; baseline -0.002 -20"><span class='ocrx_word' id='word_1_40' title='bbox 278 1171 420 1235; x_wconf 85' lang='lat' dir='ltr'><strong>Zonaras</strong></span> <span class='ocrx_word' id='word_1_41' title='bbox 457 1170 550 1254; x_wconf 91' lang='lat' dir='ltr'><strong>plura</strong></span> <span class='ocrx_word' id='word_1_42' title='bbox 585 1169 704 1234; x_wconf 88' lang='lat' dir='ltr'><strong>habeut</strong></span> <span class='ocrx_word' id='word_1_43' title='bbox 740 1189 823 1253; x_wconf 91' lang='lat' dir='ltr'><strong>quae</strong></span> <span class='ocrx_word' id='word_1_44' title='bbox 858 1171 1031 1249; x_wconf 82' lang='lat' dir='ltr'><strong>miremur3</strong></span> <span class='ocrx_word' id='word_1_45' title='bbox 1065 1168 1202 1232; x_wconf 89' lang='lat' dir='ltr'><strong>verbum</strong></span> <span class='ocrx_word' id='word_1_46' title='bbox 1232 1170 1319 1233; x_wconf 91' lang='lat' dir='ltr'><strong>enim</strong></span> <span class='ocrx_word' id='word_1_47' title='bbox 1345 1167 1452 1232; x_wconf 77' lang='grc' dir='ltr'><em>ὑποδέ-</em></span> 
     </span>
     <span class='ocr_line' id='line_1_7' title="bbox 278 1280 1452 1367; baseline -0.005 -15"><span class='ocrx_word' id='word_1_48' title='bbox 278 1284 387 1363; x_wconf 68' lang='lat' dir='ltr'><strong>aereas</strong></span> <span class='ocrx_word' id='word_1_49' title='bbox 423 1283 551 1367; x_wconf 85' lang='lat' dir='ltr'><strong>passivo</strong></span> <span class='ocrx_word' id='word_1_50' title='bbox 583 1301 680 1347; x_wconf 88' lang='lat' dir='ltr'><strong>sensu</strong></span> <span class='ocrx_word' id='word_1_51' title='bbox 706 1284 855 1363; x_wconf 88' lang='lat' dir='ltr'><strong>ooourrit,</strong></span> <span class='ocrx_word' id='word_1_52' title='bbox 879 1281 952 1346; x_wconf 91' lang='lat' dir='ltr'><strong>dein</strong></span> <span class='ocrx_word' id='word_1_53' title='bbox 976 1282 1169 1365; x_wconf 82' lang='lat' dir='ltr'><strong>praepositio</strong></span> <span class='ocrx_word' id='word_1_54' title='bbox 1195 1280 1278 1361; x_wconf 76' lang='grc' dir='ltr'><em>σωρίι</em></span> <span class='ocrx_word' id='word_1_55' title='bbox 1301 1302 1358 1366; x_wconf 91' lang='lat' dir='ltr'><strong>pro</strong></span> <span class='ocrx_word' id='word_1_56' title='bbox 1383 1284 1452 1346; x_wconf 90' lang='lat' dir='ltr'><strong>vul·</strong></span> 
     </span>
     <span class='ocr_line' id='line_1_8' title="bbox 277 1395 1454 1482; baseline -0.001 -21"><span class='ocrx_word' id='word_1_57' title='bbox 277 1398 346 1482; x_wconf 82' lang='lat' dir='ltr'><strong>gari</strong></span> <span class='ocrx_word' id='word_1_58' title='bbox 374 1395 433 1461; x_wconf 79' lang='grc' dir='ltr'><strong>ὑπὸ</strong></span> <span class='ocrx_word' id='word_1_59' title='bbox 457 1403 620 1480; x_wconf 85' lang='lat' dir='ltr'><strong>usurpata,</strong></span> <span class='ocrx_word' id='word_1_60' title='bbox 643 1397 777 1461; x_wconf 88' lang='lat' dir='ltr'><strong>fortasse</strong></span> <span class='ocrx_word' id='word_1_61' title='bbox 801 1396 981 1480; x_wconf 80' lang='lat' dir='ltr'><strong>explicatur</strong></span> <span class='ocrx_word' id='word_1_62' title='bbox 1005 1397 1036 1458; x_wconf 90' lang='lat' dir='ltr'><strong>vi</strong></span> <span class='ocrx_word' id='word_1_63' title='bbox 1059 1395 1279 1480; x_wconf 80' lang='lat' dir='ltr'><strong>praecedentis</strong></span> <span class='ocrx_word' id='word_1_64' title='bbox 1304 1395 1454 1461; x_wconf 83' lang='lat' dir='ltr'><strong>vocabuli</strong></span> 
     </span>
     <span class='ocr_line' id='line_1_9' title="bbox 279 1489 1451 1594; baseline -0.001 -19"><span class='ocrx_word' id='word_1_65' title='bbox 279 1509 406 1590; x_wconf 77' lang='grc' dir='ltr'><em>ἐντίμως</em></span> <span class='ocrx_word' id='word_1_66' title='bbox 428 1513 482 1576; x_wconf 89' lang='lat' dir='ltr'><strong>oui</strong></span> <span class='ocrx_word' id='word_1_67' title='bbox 505 1513 589 1577; x_wconf 91' lang='lat' dir='ltr'><strong>inest</strong></span> <span class='ocrx_word' id='word_1_68' title='bbox 613 1513 701 1575; x_wconf 91' lang='lat' dir='ltr'><strong>notio</strong></span> <span class='ocrx_word' id='word_1_69' title='bbox 725 1511 858 1575; x_wconf 89' lang='lat' dir='ltr'><strong>honoris</strong></span> <span class='ocrx_word' id='word_1_70' title='bbox 882 1511 939 1594; x_wconf 92' lang='lat' dir='ltr'><strong>qui</strong></span> <span class='ocrx_word' id='word_1_71' title='bbox 963 1489 1146 1594; x_wconf 86' lang='lat' dir='ltr'><strong>aquodam</strong></span> <span class='ocrx_word' id='word_1_72' title='bbox 1170 1510 1221 1574; x_wconf 89' lang='lat' dir='ltr'><strong>vel</strong></span> <span class='ocrx_word' id='word_1_73' title='bbox 1246 1511 1451 1574; x_wconf 87' lang='lat' dir='ltr'><strong>acuiusdam</strong></span> 
     </span>
     <span class='ocr_line' id='line_1_10' title="bbox 279 1625 678 1710; baseline -0.008 -20"><span class='ocrx_word' id='word_1_74' title='bbox 279 1631 366 1710; x_wconf 86' lang='lat' dir='ltr'><strong>parte</strong></span> <span class='ocrx_word' id='word_1_75' title='bbox 390 1626 481 1690; x_wconf 89' lang='lat' dir='ltr'><strong>alteri</strong></span> <span class='ocrx_word' id='word_1_76' title='bbox 504 1625 678 1705; x_wconf 75' lang='lat' dir='ltr'><strong>tribuitur).</strong></span> 
     </span>
    </p>

    <p class='ocr_par' dir='ltr' id='par_1_4' title="bbox 278 1734 1454 2051">
     <span class='ocr_line' id='line_1_11' title="bbox 322 1734 1454 1823; baseline -0.004 -20"><span class='ocrx_word' id='word_1_77' title='bbox 322 1740 359 1804; x_wconf 84' lang='lat' dir='ltr'><strong>fr.</strong></span> <span class='ocrx_word' id='word_1_78' title='bbox 392 1740 446 1823; x_wconf 91' lang='grc'><strong>36,</strong></span> <span class='ocrx_word' id='word_1_79' title='bbox 476 1741 534 1802; x_wconf 87' lang='grc'><strong>11;</strong></span> <span class='ocrx_word' id='word_1_80' title='bbox 560 1739 592 1803; x_wconf 86' lang='grc' dir='ltr'><strong>ωί</strong></span> <span class='ocrx_word' id='word_1_81' title='bbox 616 1736 781 1819; x_wconf 83' lang='grc' dir='ltr'><em>εὐεργεσίοον</em></span> <span class='ocrx_word' id='word_1_82' title='bbox 796 1787 803 1802; x_wconf 92' lang='grc'><strong>.</strong></span> <span class='ocrx_word' id='word_1_83' title='bbox 819 1787 825 1800; x_wconf 86' lang='grc'><strong>.</strong></span> <span class='ocrx_word' id='word_1_84' title='bbox 841 1786 869 1803; x_wconf 92' lang='grc'><strong>..</strong></span> <span class='ocrx_word' id='word_1_85' title='bbox 897 1736 968 1818; x_wconf 71' lang='grc' dir='ltr'><em>τογ’</em></span> <span class='ocrx_word' id='word_1_86' title='bbox 994 1736 1127 1811; x_wconf 73' lang='grc' dir='ltr'><strong>ἑκουσίας</strong></span> <span class='ocrx_word' id='word_1_87' title='bbox 1150 1737 1202 1802; x_wconf 81' lang='grc' dir='ltr'><strong>κοί</strong></span> <span class='ocrx_word' id='word_1_88' title='bbox 1228 1734 1375 1818; x_wconf 78' lang='grc' dir='ltr'><em>τροίνίμου</em></span> <span class='ocrx_word' id='word_1_89' title='bbox 1398 1744 1454 1812; x_wconf 78' lang='grc' dir='ltr'><strong>τῆς</strong></span> 
     </span>
     <span class='ocr_line' id='line_1_12' title="bbox 278 1851 1453 1937; baseline 0 -22"><span class='ocrx_word' id='word_1_90' title='bbox 278 1858 386 1933; x_wconf 69' lang='grc' dir='ltr'><em>ψυχῆς</em></span> <span class='ocrx_word' id='word_1_91' title='bbox 420 1854 614 1917; x_wconf 82' lang='grc' dir='ltr'><em>ε’κτελοῦντνυ</em></span> <span class='ocrx_word' id='word_1_92' title='bbox 650 1851 817 1931; x_wconf 86' lang='lat' dir='ltr'><strong>(beneficia</strong></span> <span class='ocrx_word' id='word_1_93' title='bbox 848 1873 867 1916; x_wconf 85' lang='lat' dir='ltr'><strong>a</strong></span> <span class='ocrx_word' id='word_1_94' title='bbox 898 1857 1074 1936; x_wconf 89' lang='lat' dir='ltr'><strong>spontaneo</strong></span> <span class='ocrx_word' id='word_1_95' title='bbox 1105 1858 1203 1937; x_wconf 91' lang='lat' dir='ltr'><strong>atque</strong></span> <span class='ocrx_word' id='word_1_96' title='bbox 1225 1853 1323 1917; x_wconf 84' lang='lat' dir='ltr'><strong>alacri</strong></span> <span class='ocrx_word' id='word_1_97' title='bbox 1345 1853 1453 1916; x_wconf 90' lang='lat' dir='ltr'><strong>animo</strong></span> 
     </span>
     <span class='ocr_line' id='line_1_13' title="bbox 278 1966 511 2051; baseline 0 -20"><span class='ocrx_word' id='word_1_98' title='bbox 278 1966 511 2051; x_wconf 87' lang='lat' dir='ltr'><strong>perficiuntur).</strong></span> 
     </span>
    </p>

    <p class='ocr_par' dir='ltr' id='par_1_5' title="bbox 278 2078 1454 2619">
     <span class='ocr_line' id='line_1_14' title="bbox 324 2078 1452 2164; baseline 0 -21"><span class='ocrx_word' id='word_1_99' title='bbox 324 2081 378 2164; x_wconf 93' lang='grc'><strong>50,</strong></span> <span class='ocrx_word' id='word_1_100' title='bbox 403 2081 434 2164; x_wconf 91' lang='grc'><strong>6,</strong></span> <span class='ocrx_word' id='word_1_101' title='bbox 459 2083 496 2145; x_wconf 84' lang='grc'><strong>2;</strong></span> <span class='ocrx_word' id='word_1_102' title='bbox 528 2079 545 2152; x_wconf 76' lang='grc' dir='ltr'><strong><em>ἡ</em></strong></span> <span class='ocrx_word' id='word_1_103' title='bbox 571 2078 678 2155; x_wconf 78' lang='grc' dir='ltr'><em>ἡλλκίω</em></span> <span class='ocrx_word' id='word_1_104' title='bbox 703 2079 774 2160; x_wconf 71' lang='grc' dir='ltr'><strong>παρ’</strong></span> <span class='ocrx_word' id='word_1_105' title='bbox 798 2078 979 2161; x_wconf 70' lang='grc' dir='ltr'><em>ἀμφοτέρων</em></span> <span class='ocrx_word' id='word_1_106' title='bbox 1003 2082 1057 2158; x_wconf 82' lang='lat' dir='ltr'><strong>(so.</strong></span> <span class='ocrx_word' id='word_1_107' title='bbox 1081 2079 1120 2144; x_wconf 86' lang='lat' dir='ltr'><strong>ab</strong></span> <span class='ocrx_word' id='word_1_108' title='bbox 1144 2081 1287 2144; x_wconf 85' lang='lat' dir='ltr'><strong>Antonio</strong></span> <span class='ocrx_word' id='word_1_109' title='bbox 1311 2078 1452 2145; x_wconf 70' lang='grc'><strong>010160-</strong></span> 
     </span>
     <span class='ocr_line' id='line_1_15' title="bbox 279 2191 1453 2278; baseline -0.002 -20"><span class='ocrx_word' id='word_1_110' title='bbox 279 2198 379 2278; x_wconf 85' lang='lat' dir='ltr'><strong>patra)</strong></span> <span class='ocrx_word' id='word_1_111' title='bbox 421 2193 537 2274; x_wconf 68' lang='grc' dir='ltr'><em>σπουδῇ</em></span> <span class='ocrx_word' id='word_1_112' title='bbox 573 2193 717 2270; x_wconf 73' lang='grc' dir='ltr'><em>συνήγετο</em></span> <span class='ocrx_word' id='word_1_113' title='bbox 751 2192 803 2257; x_wconf 76' lang='lat' dir='ltr'><strong>aul</strong></span> <span class='ocrx_word' id='word_1_114' title='bbox 838 2193 990 2273; x_wconf 74' lang='grc' dir='ltr'><em>χρήμοοτοο</em></span> <span class='ocrx_word' id='word_1_115' title='bbox 1024 2192 1243 2273; x_wconf 71' lang='grc' dir='ltr'><em>ἁπανταχόθεν</em></span> <span class='ocrx_word' id='word_1_116' title='bbox 1277 2191 1453 2270; x_wconf 76' lang='grc' dir='ltr'><em>συνελέγετο</em></span> 
     </span>
     <span class='ocr_line' id='line_1_16' title="bbox 279 2306 1454 2392; baseline -0.002 -19"><span class='ocrx_word' id='word_1_117' title='bbox 279 2307 362 2388; x_wconf 85' lang='grc' dir='ltr'><em>(Ηοο</em></span> <span class='ocrx_word' id='word_1_118' title='bbox 396 2309 466 2372; x_wconf 88' lang='lat' dir='ltr'><strong>loco</strong></span> <span class='ocrx_word' id='word_1_119' title='bbox 503 2327 582 2372; x_wconf 88' lang='lat' dir='ltr'><strong>usus</strong></span> <span class='ocrx_word' id='word_1_120' title='bbox 617 2309 863 2392; x_wconf 78' lang='lat' dir='ltr'><strong>praepositionis</strong></span> <span class='ocrx_word' id='word_1_121' title='bbox 895 2306 979 2387; x_wconf 73' lang='grc' dir='ltr'><em>τυροὶ</em></span> <span class='ocrx_word' id='word_1_122' title='bbox 1002 2309 1157 2392; x_wconf 84' lang='lat' dir='ltr'><strong>explicari</strong></span> <span class='ocrx_word' id='word_1_123' title='bbox 1181 2312 1285 2392; x_wconf 90' lang='lat' dir='ltr'><strong>potest</strong></span> <span class='ocrx_word' id='word_1_124' title='bbox 1309 2310 1341 2372; x_wconf 90' lang='lat' dir='ltr'><strong>vi</strong></span> <span class='ocrx_word' id='word_1_125' title='bbox 1365 2307 1454 2373; x_wconf 87' lang='lat' dir='ltr'><strong>verbi</strong></span> 
     </span>
     <span class='ocr_line' id='line_1_17' title="bbox 279 2418 1454 2506; baseline -0.002 -19"><span class='ocrx_word' id='word_1_126' title='bbox 279 2422 444 2506; x_wconf 88' lang='lat' dir='ltr'><strong>sequentis</strong></span> <span class='ocrx_word' id='word_1_127' title='bbox 487 2418 664 2497; x_wconf 71' lang='grc' dir='ltr'><em>συνελέγετο</em></span> <span class='ocrx_word' id='word_1_128' title='bbox 700 2421 787 2506; x_wconf 92' lang='lat' dir='ltr'><strong>quod</strong></span> <span class='ocrx_word' id='word_1_129' title='bbox 821 2421 959 2486; x_wconf 89' lang='lat' dir='ltr'><strong>verbum</strong></span> <span class='ocrx_word' id='word_1_130' title='bbox 994 2423 1099 2486; x_wconf 86' lang='lat' dir='ltr'><strong>aotivo</strong></span> <span class='ocrx_word' id='word_1_131' title='bbox 1133 2441 1252 2506; x_wconf 85' lang='lat' dir='ltr'><strong>genere</strong></span> <span class='ocrx_word' id='word_1_132' title='bbox 1285 2441 1359 2486; x_wconf 93' lang='lat' dir='ltr'><strong>oum</strong></span> <span class='ocrx_word' id='word_1_133' title='bbox 1395 2423 1454 2486; x_wconf 88' lang='lat' dir='ltr'><strong>hao</strong></span> 
     </span>
     <span class='ocr_line' id='line_1_18' title="bbox 278 2535 893 2619; baseline 0.003 -20"><span class='ocrx_word' id='word_1_134' title='bbox 278 2535 515 2619; x_wconf 78' lang='lat' dir='ltr'><strong>praepositione</strong></span> <span class='ocrx_word' id='word_1_135' title='bbox 538 2554 707 2600; x_wconf 86' lang='lat' dir='ltr'><strong>occurrere</strong></span> <span class='ocrx_word' id='word_1_136' title='bbox 732 2536 893 2616; x_wconf 85' lang='lat' dir='ltr'><strong>vidimus).</strong></span> 
     </span>
    </p>

    <p class='ocr_par' dir='ltr' id='par_1_6' title="bbox 278 2647 1454 3301">
     <span class='ocr_line' id='line_1_19' title="bbox 325 2647 1453 2733; baseline 0 -20"><span class='ocrx_word' id='word_1_137' title='bbox 325 2649 379 2732; x_wconf 84' lang='lat'><strong>39,</strong></span> <span class='ocrx_word' id='word_1_138' title='bbox 414 2650 467 2733; x_wconf 87' lang='grc'><strong>39,</strong></span> <span class='ocrx_word' id='word_1_139' title='bbox 499 2651 536 2713; x_wconf 81' lang='lat'><strong>2:</strong></span> <span class='ocrx_word' id='word_1_140' title='bbox 572 2647 638 2722; x_wconf 78' lang='grc' dir='ltr'><em>δίων</em></span> <span class='ocrx_word' id='word_1_141' title='bbox 663 2673 711 2721; x_wconf 79' lang='grc' dir='ltr'><strong>τις</strong></span> <span class='ocrx_word' id='word_1_142' title='bbox 735 2648 814 2730; x_wconf 79' lang='grc' dir='ltr'><em>λόγῳ</em></span> <span class='ocrx_word' id='word_1_143' title='bbox 838 2649 894 2728; x_wconf 78' lang='grc' dir='ltr'><strong>μὲν</strong></span> <span class='ocrx_word' id='word_1_144' title='bbox 917 2656 980 2722; x_wconf 82' lang='grc' dir='ltr'><em>τοῖς</em></span> <span class='ocrx_word' id='word_1_145' title='bbox 1005 2649 1247 2729; x_wconf 69' lang='grc' dir='ltr'><em>ὑποστρατήγοις</em></span> <span class='ocrx_word' id='word_1_146' title='bbox 1271 2654 1356 2732; x_wconf 78' lang='grc' dir='ltr'><em>σφῶν</em></span> <span class='ocrx_word' id='word_1_147' title='bbox 1381 2647 1453 2730; x_wconf 86' lang='grc' dir='ltr'><em>ἔργῳ</em></span> 
     </span>
     <span class='ocr_line' id='line_1_20' title="bbox 279 2760 1453 2853; baseline 0.002 -28"><span class='ocrx_word' id='word_1_148' title='bbox 279 2761 311 2826; x_wconf 73' lang='grc' dir='ltr'><strong>δὲ</strong></span> <span class='ocrx_word' id='word_1_149' title='bbox 334 2763 436 2835; x_wconf 72' lang='grc' dir='ltr'><em>αὐτοῖς</em></span> <span class='ocrx_word' id='word_1_150' title='bbox 450 2811 457 2825; x_wconf 94' lang='grc'><strong>.</strong></span> <span class='ocrx_word' id='word_1_151' title='bbox 472 2811 479 2825; x_wconf 94' lang='grc'><strong>.</strong></span> <span class='ocrx_word' id='word_1_152' title='bbox 495 2809 502 2825; x_wconf 93' lang='grc'><strong>.</strong></span> <span class='ocrx_word' id='word_1_153' title='bbox 520 2811 526 2825; x_wconf 93' lang='grc'>.</span> <span class='ocrx_word' id='word_1_154' title='bbox 554 2760 639 2843; x_wconf 69' lang='grc' dir='ltr'><em>σωροὶ</em></span> <span class='ocrx_word' id='word_1_155' title='bbox 663 2761 827 2853; x_wconf 70' lang='grc' dir='ltr'><em>δνμοίρχων</em></span> <span class='ocrx_word' id='word_1_156' title='bbox 850 2767 934 2828; x_wconf 74' lang='grc' dir='ltr'><em>τινῶν</em></span> <span class='ocrx_word' id='word_1_157' title='bbox 958 2764 1090 2843; x_wconf 74' lang='grc' dir='ltr'><em>ἐσήχθη.</em></span> <span class='ocrx_word' id='word_1_158' title='bbox 1104 2763 1277 2845; x_wconf 80' lang='lat' dir='ltr'><strong>(Iudicium</strong></span> <span class='ocrx_word' id='word_1_159' title='bbox 1291 2764 1453 2847; x_wconf 86' lang='lat' dir='ltr'><strong>quoddam</strong></span> 
     </span>
     <span class='ocr_line' id='line_1_21' title="bbox 280 2875 1454 2960; baseline 0.003 -23"><span class='ocrx_word' id='word_1_160' title='bbox 280 2875 378 2940; x_wconf 87' lang='lat' dir='ltr'><strong>verbo</strong></span> <span class='ocrx_word' id='word_1_161' title='bbox 415 2876 543 2959; x_wconf 90' lang='lat' dir='ltr'><strong>quidem</strong></span> <span class='ocrx_word' id='word_1_162' title='bbox 582 2881 694 2941; x_wconf 83' lang='lat' dir='ltr'><strong>contra</strong></span> <span class='ocrx_word' id='word_1_163' title='bbox 730 2877 851 2960; x_wconf 82' lang='lat' dir='ltr'><strong>legatos</strong></span> <span class='ocrx_word' id='word_1_164' title='bbox 886 2895 998 2941; x_wconf 92' lang='lat' dir='ltr'><strong>eornm</strong></span> <span class='ocrx_word' id='word_1_165' title='bbox 1033 2896 1068 2941; x_wconf 88' lang='lat' dir='ltr'><strong>re</strong></span> <span class='ocrx_word' id='word_1_166' title='bbox 1105 2896 1180 2942; x_wconf 88' lang='lat' dir='ltr'><strong>vera</strong></span> <span class='ocrx_word' id='word_1_167' title='bbox 1212 2882 1319 2942; x_wconf 87' lang='lat' dir='ltr'><strong>autem</strong></span> <span class='ocrx_word' id='word_1_168' title='bbox 1343 2882 1454 2942; x_wconf 86' lang='lat' dir='ltr'><strong>eontra</strong></span> 
     </span>
     <span class='ocr_line' id='line_1_22' title="bbox 278 2988 1453 3074; baseline 0.003 -24"><span class='ocrx_word' id='word_1_169' title='bbox 278 2990 367 3072; x_wconf 87' lang='lat' dir='ltr'><strong>ipsos</strong></span> <span class='ocrx_word' id='word_1_170' title='bbox 401 3008 456 3054; x_wconf 90' lang='lat' dir='ltr'><strong>eos</strong></span> <span class='ocrx_word' id='word_1_171' title='bbox 492 3011 510 3054; x_wconf 86' lang='lat' dir='ltr'><strong>a</strong></span> <span class='ocrx_word' id='word_1_172' title='bbox 545 2988 684 3054; x_wconf 87' lang='lat' dir='ltr'><strong>tribunis</strong></span> <span class='ocrx_word' id='word_1_173' title='bbox 715 2989 818 3074; x_wconf 90' lang='lat' dir='ltr'><strong>plebis</strong></span> <span class='ocrx_word' id='word_1_174' title='bbox 841 2991 1008 3056; x_wconf 88' lang='lat' dir='ltr'><strong>nonnullis</strong></span> <span class='ocrx_word' id='word_1_175' title='bbox 1031 2991 1289 3073; x_wconf 87' lang='lat' dir='ltr'><strong>instituebatur);</strong></span> <span class='ocrx_word' id='word_1_176' title='bbox 1313 2992 1453 3056; x_wconf 80' lang='lat' dir='ltr'><strong>activum</strong></span> 
     </span>
     <span class='ocr_line' id='line_1_23' title="bbox 279 3103 1454 3189; baseline 0 -23"><span class='ocrx_word' id='word_1_177' title='bbox 279 3121 384 3186; x_wconf 83' lang='lat' dir='ltr'><strong>genus</strong></span> <span class='ocrx_word' id='word_1_178' title='bbox 419 3104 555 3168; x_wconf 84' lang='lat' dir='ltr'><strong>huiusce</strong></span> <span class='ocrx_word' id='word_1_179' title='bbox 590 3103 682 3167; x_wconf 89' lang='lat' dir='ltr'><strong>verbi</strong></span> <span class='ocrx_word' id='word_1_180' title='bbox 717 3103 803 3187; x_wconf 86' lang='lat' dir='ltr'><strong>apud</strong></span> <span class='ocrx_word' id='word_1_181' title='bbox 837 3103 1005 3168; x_wconf 89' lang='lat' dir='ltr'><strong>Platonem</strong></span> <span class='ocrx_word' id='word_1_182' title='bbox 1037 3104 1241 3188; x_wconf 75' lang='lat' dir='ltr'><strong>(p.¹8811l3</strong></span> <span class='ocrx_word' id='word_1_183' title='bbox 1273 3125 1303 3189; x_wconf 91' lang='lat' dir='ltr'><strong>p.</strong></span> <span class='ocrx_word' id='word_1_184' title='bbox 1327 3103 1391 3168; x_wconf 87' lang='grc'><strong>943</strong></span> <span class='ocrx_word' id='word_1_185' title='bbox 1416 3103 1454 3185; x_wconf 84' lang='grc' dir='ltr'><strong>Ε)</strong></span> 
     </span>
     <span class='ocr_line' id='line_1_24' title="bbox 280 3201 1349 3301; baseline 0.002 -22"><span class='ocrx_word' id='word_1_186' title='bbox 280 3222 378 3300; x_wconf 89' lang='lat' dir='ltr'><strong>atque</strong></span> <span class='ocrx_word' id='word_1_187' title='bbox 401 3214 650 3281; x_wconf 90' lang='lat' dir='ltr'><strong>Demosthenem</strong></span> <span class='ocrx_word' id='word_1_188' title='bbox 676 3215 744 3300; x_wconf 88' lang='lat'>(18,</span> <span class='ocrx_word' id='word_1_189' title='bbox 771 3216 848 3301; x_wconf 88' lang='grc'><strong>150)</strong></span> <span class='ocrx_word' id='word_1_190' title='bbox 871 3201 1004 3301; x_wconf 75' lang='lat' dir='ltr'><strong>legitur:</strong></span> <span class='ocrx_word' id='word_1_191' title='bbox 1030 3215 1155 3294; x_wconf 82' lang='grc' dir='ltr'><em>ε’τνίγενν</em></span> <span class='ocrx_word' id='word_1_192' title='bbox 1179 3217 1259 3291; x_wconf 73' lang='grc' dir='ltr'><em>δίκην</em></span> <span class='ocrx_word' id='word_1_193' title='bbox 1282 3216 1349 3281; x_wconf 83' lang='grc' dir='ltr'><em>τινί.</em></span> 
     </span>
    </p>

    <p class='ocr_par' dir='ltr' id='par_1_7' title="bbox 279 3324 1455 4324">
     <span class='ocr_line' id='line_1_25' title="bbox 325 3324 1454 3414; baseline 0 -19"><span class='ocrx_word' id='word_1_194' title='bbox 325 3331 378 3414; x_wconf 87' lang='grc'><strong>57,</strong></span> <span class='ocrx_word' id='word_1_195' title='bbox 413 3332 464 3414; x_wconf 87' lang='grc'><strong>18,</strong></span> <span class='ocrx_word' id='word_1_196' title='bbox 499 3331 550 3393; x_wconf 67' lang='lat' dir='ltr'><strong>la:</strong></span> <span class='ocrx_word' id='word_1_197' title='bbox 587 3331 620 3394; x_wconf 82' lang='grc' dir='ltr'><strong>ἐκ</strong></span> <span class='ocrx_word' id='word_1_198' title='bbox 645 3335 700 3403; x_wconf 77' lang='grc' dir='ltr'><strong>τῆς</strong></span> <span class='ocrx_word' id='word_1_199' title='bbox 725 3327 879 3410; x_wconf 79' lang='grc' dir='ltr'><em>ὑπερορίοις</em></span> <span class='ocrx_word' id='word_1_200' title='bbox 902 3324 935 3404; x_wconf 77' lang='grc' dir='ltr'><strong>ἣν</strong></span> <span class='ocrx_word' id='word_1_201' title='bbox 961 3330 1044 3411; x_wconf 73' lang='grc' dir='ltr'><em>τυροὶ</em></span> <span class='ocrx_word' id='word_1_202' title='bbox 1067 3334 1118 3395; x_wconf 84' lang='grc' dir='ltr'><strong>τοῦ</strong></span> <span class='ocrx_word' id='word_1_203' title='bbox 1145 3331 1259 3412; x_wconf 80' lang='grc' dir='ltr'><em>σοοτρὸς</em></span> <span class='ocrx_word' id='word_1_204' title='bbox 1281 3331 1378 3404; x_wconf 74' lang='grc' dir='ltr'><em>αὐτῆς</em></span> <span class='ocrx_word' id='word_1_205' title='bbox 1401 3335 1454 3395; x_wconf 81' lang='grc' dir='ltr'><strong>τοῦ</strong></span> 
     </span>
     <span class='ocr_line' id='line_1_26' title="bbox 279 3441 1455 3530; baseline 0 -22"><span class='ocrx_word' id='word_1_206' title='bbox 279 3442 456 3522; x_wconf 81' lang='grc' dir='ltr'><em>Αὐγούστου</em></span> <span class='ocrx_word' id='word_1_207' title='bbox 487 3441 688 3516; x_wconf 78' lang='grc' dir='ltr'><em>κοοτεδνκοίσίν</em></span> <span class='ocrx_word' id='word_1_208' title='bbox 714 3443 752 3507; x_wconf 75' lang='grc' dir='ltr'><strong>δι’</strong></span> <span class='ocrx_word' id='word_1_209' title='bbox 776 3441 942 3521; x_wconf 71' lang='grc' dir='ltr'><em>ἀσέλγειαν</em></span> <span class='ocrx_word' id='word_1_210' title='bbox 965 3445 1076 3523; x_wconf 86' lang='lat' dir='ltr'><strong>(verba</strong></span> <span class='ocrx_word' id='word_1_211' title='bbox 1099 3445 1242 3510; x_wconf 82' lang='lat' dir='ltr'><strong>Zonaras</strong></span> <span class='ocrx_word' id='word_1_212' title='bbox 1266 3465 1349 3530; x_wconf 86' lang='lat' dir='ltr'><strong>quae</strong></span> <span class='ocrx_word' id='word_1_213' title='bbox 1374 3446 1455 3510; x_wconf 91' lang='lat' dir='ltr'><strong>indi·</strong></span> 
     </span>
     <span class='ocr_line' id='line_1_27' title="bbox 279 3558 1455 3644; baseline 0.001 -23"><span class='ocrx_word' id='word_1_214' title='bbox 279 3563 363 3641; x_wconf 85' lang='lat' dir='ltr'><strong>cunt,</strong></span> <span class='ocrx_word' id='word_1_215' title='bbox 396 3558 512 3622; x_wconf 86' lang='lat' dir='ltr'><strong>Iuliam</strong></span> <span class='ocrx_word' id='word_1_216' title='bbox 547 3578 612 3622; x_wconf 92' lang='lat' dir='ltr'><strong>non</strong></span> <span class='ocrx_word' id='word_1_217' title='bbox 644 3565 824 3623; x_wconf 83' lang='lat' dir='ltr'><strong>revocatam</strong></span> <span class='ocrx_word' id='word_1_218' title='bbox 846 3578 918 3624; x_wconf 88' lang='lat' dir='ltr'><strong>esse</strong></span> <span class='ocrx_word' id='word_1_219' title='bbox 940 3578 982 3623; x_wconf 85' lang='lat' dir='ltr'><strong>ex</strong></span> <span class='ocrx_word' id='word_1_220' title='bbox 1005 3561 1131 3643; x_wconf 83' lang='lat' dir='ltr'><strong>exsilio,</strong></span> <span class='ocrx_word' id='word_1_221' title='bbox 1155 3579 1219 3644; x_wconf 91' lang='lat' dir='ltr'><strong>quo</strong></span> <span class='ocrx_word' id='word_1_222' title='bbox 1242 3581 1260 3624; x_wconf 87' lang='lat' dir='ltr'><strong>a</strong></span> <span class='ocrx_word' id='word_1_223' title='bbox 1283 3564 1373 3643; x_wconf 88' lang='lat' dir='ltr'><strong>patre</strong></span> <span class='ocrx_word' id='word_1_224' title='bbox 1395 3578 1455 3623; x_wconf 90' lang='lat' dir='ltr'><strong>suo</strong></span> 
     </span>
     <span class='ocr_line' id='line_1_28' title="bbox 280 3673 1454 3758; baseline -0.001 -21"><span class='ocrx_word' id='word_1_225' title='bbox 280 3673 430 3758; x_wconf 83' lang='lat' dir='ltr'><strong>Augusto</strong></span> <span class='ocrx_word' id='word_1_226' title='bbox 466 3674 615 3737; x_wconf 86' lang='lat' dir='ltr'><strong>damnata</strong></span> <span class='ocrx_word' id='word_1_227' title='bbox 650 3680 718 3737; x_wconf 85' lang='lat' dir='ltr'><strong>erat</strong></span> <span class='ocrx_word' id='word_1_228' title='bbox 752 3680 880 3756; x_wconf 90' lang='lat' dir='ltr'><strong>propter</strong></span> <span class='ocrx_word' id='word_1_229' title='bbox 904 3674 1135 3757; x_wconf 85' lang='lat' dir='ltr'><strong>petulantiam).</strong></span> <span class='ocrx_word' id='word_1_230' title='bbox 1159 3673 1331 3738; x_wconf 84' lang='lat' dir='ltr'><strong>Passivum</strong></span> <span class='ocrx_word' id='word_1_231' title='bbox 1356 3695 1454 3737; x_wconf 80' lang='grc' dir='ltr'><em>κοτυ-</em></span> 
     </span>
     <span class='ocr_line' id='line_1_29' title="bbox 280 3783 1454 3872; baseline 0.001 -23"><span class='ocrx_word' id='word_1_232' title='bbox 280 3783 457 3865; x_wconf 54' lang='lat' dir='ltr'><strong>eruuntur</strong></span> <span class='ocrx_word' id='word_1_233' title='bbox 489 3811 519 3851; x_wconf 78' lang='grc' dir='ltr'><strong>τι</strong></span> <span class='ocrx_word' id='word_1_234' title='bbox 557 3791 645 3866; x_wconf 84' lang='lat' dir='ltr'><strong>(aon.)</strong></span> <span class='ocrx_word' id='word_1_235' title='bbox 681 3788 816 3870; x_wconf 87' lang='lat' dir='ltr'><strong>saepius·</strong></span> <span class='ocrx_word' id='word_1_236' title='bbox 845 3789 930 3871; x_wconf 89' lang='lat' dir='ltr'><strong>apud</strong></span> <span class='ocrx_word' id='word_1_237' title='bbox 966 3786 1113 3852; x_wconf 81' lang='lat' dir='ltr'><strong>Cassium</strong></span> <span class='ocrx_word' id='word_1_238' title='bbox 1137 3789 1285 3870; x_wconf 81' lang='lat' dir='ltr'><strong>occurrit,</strong></span> <span class='ocrx_word' id='word_1_239' title='bbox 1309 3807 1335 3851; x_wconf 91' lang='lat' dir='ltr'><strong>e.</strong></span> <span class='ocrx_word' id='word_1_240' title='bbox 1347 3808 1376 3872; x_wconf 86' lang='lat' dir='ltr'><strong>g.</strong></span> <span class='ocrx_word' id='word_1_241' title='bbox 1401 3787 1454 3871; x_wconf 88' lang='grc'><strong>08,</strong></span> 
     </span>
     <span class='ocr_line' id='line_1_30' title="bbox 284 3898 1454 3984; baseline 0 -22"><span class='ocrx_word' id='word_1_242' title='bbox 284 3901 313 3982; x_wconf 85' lang='lat' dir='ltr'><strong>l,</strong></span> <span class='ocrx_word' id='word_1_243' title='bbox 348 3902 386 3965; x_wconf 87' lang='lat'><strong>2:</strong></span> <span class='ocrx_word' id='word_1_244' title='bbox 423 3898 547 3965; x_wconf 83' lang='grc' dir='ltr'><em>ίοίνωτον</em></span> <span class='ocrx_word' id='word_1_245' title='bbox 578 3898 848 3973; x_wconf 77' lang='grc' dir='ltr'><em>κωτεδνκοίσίνσοον.</em></span> <span class='ocrx_word' id='word_1_246' title='bbox 873 3902 927 3976; x_wconf 69' lang='grc' dir='ltr'><strong>τὴν</strong></span> <span class='ocrx_word' id='word_1_247' title='bbox 951 3899 1005 3964; x_wconf 80' lang='grc' dir='ltr'><strong>ἕτί</strong></span> <span class='ocrx_word' id='word_1_248' title='bbox 1029 3899 1145 3979; x_wconf 83' lang='grc' dir='ltr'><em>ίοονοίτῳ</em></span> <span class='ocrx_word' id='word_1_249' title='bbox 1170 3902 1223 3984; x_wconf 94' lang='grc'><strong>67,</strong></span> <span class='ocrx_word' id='word_1_250' title='bbox 1250 3901 1301 3983; x_wconf 90' lang='grc'><strong>16,</strong></span> <span class='ocrx_word' id='word_1_251' title='bbox 1326 3902 1363 3980; x_wconf 73' lang='grc'><strong>2,</strong></span> <span class='ocrx_word' id='word_1_252' title='bbox 1390 3919 1454 3963; x_wconf 93' lang='lat' dir='ltr'><strong>non</strong></span> 
     </span>
     <span class='ocr_line' id='line_1_31' title="bbox 281 4012 1455 4100; baseline -0.001 -22"><span class='ocrx_word' id='word_1_253' title='bbox 281 4015 370 4079; x_wconf 92' lang='lat' dir='ltr'><strong>deest</strong></span> <span class='ocrx_word' id='word_1_254' title='bbox 401 4016 529 4080; x_wconf 88' lang='lat' dir='ltr'><strong>dativus</strong></span> <span class='ocrx_word' id='word_1_255' title='bbox 560 4017 646 4100; x_wconf 91' lang='lat' dir='ltr'><strong>apud</strong></span> <span class='ocrx_word' id='word_1_256' title='bbox 677 4013 814 4079; x_wconf 89' lang='lat' dir='ltr'><strong>Dionem</strong></span> <span class='ocrx_word' id='word_1_257' title='bbox 840 4035 865 4080; x_wconf 89' lang='lat' dir='ltr'><strong>e.</strong></span> <span class='ocrx_word' id='word_1_258' title='bbox 878 4037 907 4100; x_wconf 87' lang='lat' dir='ltr'><strong>g.</strong></span> <span class='ocrx_word' id='word_1_259' title='bbox 933 4016 986 4099; x_wconf 89' lang='grc'><strong>60,</strong></span> <span class='ocrx_word' id='word_1_260' title='bbox 1011 4017 1065 4099; x_wconf 86' lang='grc'><strong>33,</strong></span> <span class='ocrx_word' id='word_1_261' title='bbox 1089 4017 1126 4080; x_wconf 88' lang='lat'><strong>3:</strong></span> <span class='ocrx_word' id='word_1_262' title='bbox 1152 4012 1268 4096; x_wconf 77' lang='grc' dir='ltr'><em>θυνοίτω</em></span> <span class='ocrx_word' id='word_1_263' title='bbox 1293 4013 1455 4079; x_wconf 65' lang='lat' dir='ltr'><strong>aurelate-</strong></span> 
     </span>
     <span class='ocr_line' id='line_1_32' title="bbox 282 4121 1455 4213; baseline 0.005 -23"><span class='ocrx_word' id='word_1_264' title='bbox 282 4126 424 4205; x_wconf 79' lang='grc' dir='ltr'><em>κωσμένον</em></span> <span class='ocrx_word' id='word_1_265' title='bbox 452 4121 536 4202; x_wconf 75' lang='grc' dir='ltr'><em>ἦσαν,</em></span> <span class='ocrx_word' id='word_1_266' title='bbox 562 4131 645 4193; x_wconf 90' lang='lat' dir='ltr'><strong>siout</strong></span> <span class='ocrx_word' id='word_1_267' title='bbox 668 4129 797 4212; x_wconf 85' lang='lat' dir='ltr'><strong>saepius</strong></span> <span class='ocrx_word' id='word_1_268' title='bbox 822 4129 907 4212; x_wconf 89' lang='lat' dir='ltr'><strong>apud</strong></span> <span class='ocrx_word' id='word_1_269' title='bbox 931 4131 1122 4212; x_wconf 87' lang='lat' dir='ltr'><strong>posteriores</strong></span> <span class='ocrx_word' id='word_1_270' title='bbox 1146 4126 1346 4213; x_wconf 85' lang='lat' dir='ltr'><strong>(Diodorum,</strong></span> <span class='ocrx_word' id='word_1_271' title='bbox 1369 4128 1455 4196; x_wconf 89' lang='lat' dir='ltr'><strong>Iose-</strong></span> 
     </span>
     <span class='ocr_line' id='line_1_33' title="bbox 281 4241 613 4324; baseline 0.003 -20"><span class='ocrx_word' id='word_1_272' title='bbox 281 4241 391 4324; x_wconf 86' lang='lat' dir='ltr'><strong>phum‚</strong></span> <span class='ocrx_word' id='word_1_273' title='bbox 416 4243 613 4320; x_wconf 87' lang='lat' dir='ltr'><strong>Arrianum).</strong></span> 
     </span>
    </p>

    <p class='ocr_par' dir='ltr' id='par_1_8' title="bbox 284 4353 1455 4553">
     <span class='ocr_line' id='line_1_34' title="bbox 327 4353 1455 4443; baseline 0.005 -25"><span class='ocrx_word' id='word_1_274' title='bbox 327 4353 461 4438; x_wconf 83' lang='lat' dir='ltr'><strong>Saepius</strong></span> <span class='ocrx_word' id='word_1_275' title='bbox 494 4355 628 4420; x_wconf 84' lang='lat' dir='ltr'><strong>verbum</strong></span> <span class='ocrx_word' id='word_1_276' title='bbox 654 4353 872 4436; x_wconf 81' lang='grc' dir='ltr'><em>ε’σοτρίτεσίνοί</em></span> <span class='ocrx_word' id='word_1_277' title='bbox 893 4379 924 4420; x_wconf 77' lang='grc' dir='ltr'><strong>τι</strong></span> <span class='ocrx_word' id='word_1_278' title='bbox 948 4356 1041 4442; x_wconf 83' lang='lat' dir='ltr'><strong>(aco.)</strong></span> <span class='ocrx_word' id='word_1_279' title='bbox 1066 4354 1151 4438; x_wconf 84' lang='grc' dir='ltr'><em>σωροί</em></span> <span class='ocrx_word' id='word_1_280' title='bbox 1173 4379 1249 4430; x_wconf 75' lang='grc' dir='ltr'><em>τινος</em></span> <span class='ocrx_word' id='word_1_281' title='bbox 1271 4358 1357 4443; x_wconf 87' lang='lat' dir='ltr'><strong>apud</strong></span> <span class='ocrx_word' id='word_1_282' title='bbox 1380 4357 1455 4423; x_wconf 81' lang='lat' dir='ltr'><strong>Oas-</strong></span> 
     </span>
     <span class='ocr_line' id='line_1_35' title="bbox 284 4468 698 4553; baseline 0 -20"><span class='ocrx_word' id='word_1_283' title='bbox 284 4472 369 4533; x_wconf 88' lang='lat' dir='ltr'><strong>sium</strong></span> <span class='ocrx_word' id='word_1_284' title='bbox 393 4468 542 4552; x_wconf 84' lang='lat' dir='ltr'><strong>legimus,</strong></span> <span class='ocrx_word' id='word_1_285' title='bbox 567 4488 698 4553; x_wconf 88' lang='lat' dir='ltr'><strong>nempe:</strong></span> 
     </span>
    </p>
   </div>
   <div class='ocr_carea' id='block_1_3' title="bbox 0 0 1710 5218">
    <p class='ocr_par' dir='ltr' id='par_1_9' title="bbox 0 0 1710 5218">
     <span class='ocr_line' id='line_1_36' title="bbox 0 0 1710 5218; baseline 0 0"><span class='ocrx_word' id='word_1_286' title='bbox 0 0 1710 5218; x_wconf 95' lang='lat' dir='ltr'><strong> </strong></span> 
     </span>
    </p>
   </div>
  </div>
 </body>
</html>
