3378 5222
830 547 872 610 36

266 753 365 798 ouum
401 737 450 798 est
481 730 641 810 omnibus,
671 728 809 795 Dionem
841 733 952 795 nostro
976 731 1046 795 loeo
1071 732 1257 796 varietatem
1280 734 1441 816 praeposi·

266 849 392 912 tionum
420 845 594 910 'adamasse
625 864 689 928 qua
720 863 754 909 re
785 863 850 908 non
875 845 1042 926 miramur,
1063 846 1331 928 praepositionem
1357 845 1441 925 παρα

266 982 286 1026 a
322 961 448 1046 vulgari
480 979 542 1024 usu
574 958 752 1024 abhorrere.
776 957 865 1023 Haeo
888 960 999 1043 itaque
1022 958 1116 1023 nobis
1139 979 1236 1024 eausa
1260 977 1331 1023 esse
1354 958 1441 1022 vide·

267 1080 328 1158 tur,
363 1073 519 1156 (studium
551 1091 667 1156 nempe
697 1071 870 1136 adhibendi
900 1072 1044 1138 diversas
1072 1075 1334 1157 praepositiones,
1359 1092 1442 1155 quae

267 1207 379 1253 omnes
402 1187 557 1272 originem
582 1191 769 1270 spectante
793 1206 858 1270 qua
881 1187 961 1270 quid
980 1186 1206 1272 proficiscitur)
1227 1188 1441 1252 ourhoolooo

267 1302 534 1386 praepositionem
571 1299 655 1380 παρόι
689 1301 734 1363 ita
765 1301 902 1383 positam
933 1301 1147 1364 inveniamus.
1170 1299 1278 1366 Verba
1309 1319 1441 1384 quoque

267 1413 443 1494 μεμάόναα,
468 1411 610 1491 είόισμαι,
633 1410 697 1492 ἔχω
721 1413 832 1477 eodem
857 1431 956 1478 sensu
981 1413 1123 1478 adhibita
1146 1419 1243 1497 atque
1264 1415 1343 1479 adeo
1355 1419 1441 1478 totae

269 1530 447 1594 sententiae
482 1528 692 1609 παραλλήλως
722 1529 843 1611 positae
873 1533 959 1605 sunt,
982 1528 1021 1592 de
1045 1527 1165 1611 quibus
1191 1529 1269 1593 alias
1293 1527 1441 1612 pluribus

268 1644 441 1708 dicendum
466 1647 523 1708 est.

312 1871 331 1953 ξ
356 1872 384 1933 2.
411 1869 459 1934 De
484 1868 568 1949 παρά
591 1888 666 1933 oum
690 1869 832 1952 genitivo
854 1887 929 1932 oum
953 1867 1064 1933 verbis
1087 1870 1270 1932 coniuncto.

312 1983 459 2048 Primum
497 1983 668 2048 dicendum
704 1989 754 2047 est
788 1982 827 2046 de
861 1981 968 2046 verbis
1004 1984 1253 2064 veniendi,
1287 1983 1327 2047 ad
1360 2002 1443 2067 quae

268 2117 341 2162 oum
378 2098 501 2162 aooedit
536 2094 630 2176 παρόι,
666 2097 735 2161 sive
768 2096 956 2180 simpliciter
989 2095 1150 2182 signifieat
1182 2101 1306 2161 motum
1331 2096 1443 2162 fierie

268 2212 431 2276 vicinitate
466 2212 605 2275 alieuius
639 2213 708 2276 sive
742 2210 839 2274 simul
862 2210 983 2274 indicat
1008 2248 1048 2256 -
1073 2213 1260 2295 praesertim
1284 2213 1318 2274 in
1342 2212 1441 2296 passi-

268 2327 320 2391 vis
344 2362 381 2371 -
411 2343 452 2389 ex
475 2326 664 2389 auctoritate
687 2325 756 2389 sive
779 2326 874 2389 iussu
897 2327 967 2389 eius
990 2343 1147 2409 personae
1170 2345 1238 2390 rem
1262 2326 1323 2410 agi.
1476 2307 1478 2312 ’

312 2437 401 2503 Haeo
435 2443 513 2503 sunt
548 2458 631 2523 quae
661 2438 746 2523 apud
778 2437 926 2503 Cassium
950 2437 1087 2504 Dionem
1110 2441 1324 2505 inveniuntur
1346 2438 1445 2504 verba

268 2547 465 2617 veniendiz'

315 2669 345 2748 l)
368 2666 577 2747 ἀφικνεῖσθαιε

314 2780 399 2861 παρά
421 2785 473 2845 τοῦ
499 2779 640 2861 Φραάτου
665 2778 809 2861 πρέσβεις
830 2778 978 2861 ἀφίκοντο
1003 2783 1055 2864 53,
1080 2783 1132 2863 33,
1158 2784 1194 2862 l,
1216 2781 1254 2845 of.
1275 2781 1441 2862 68,15,κ;
1502 2825 1505 2830 -

313 2893 371 2968 τάς
404 2895 569 2976 πρεσβείας
599 2894 657 2970 τάς
688 2922 724 2962 τε
755 2894 840 2976 παρά
863 2899 920 2959 τῶν
944 2895 1098 2975 πολεμίων
1121 2897 1173 2960 καί
1198 2896 1255 2969 τάς
1279 2894 1363 2977 παρόι
1386 2899 1443 2960 τῶν
1476 2953 1478 2959 .

269 3008 431 3073 ἐνσπόνδων
465 3008 518 3074 καί
551 3009 705 3089 βασιλέων
735 3008 787 3073 καί
819 3008 920 3086 δήμων
943 3008 1167 3091 ἀφικνουμένας
1193 3012 1244 3092 52,
1268 3011 1319 3094 31,
1343 3012 1379 3090 1,
1404 3009 1443 3073 of.

270 3126 321 3207 55,
346 3123 397 3205 33,
422 3126 439 3186 5
465 3123 603 3208 (Xiph.);
630 3127 680 3208 08,
708 3126 758 3207 15,
784 3126 820 3204 13

313 3240 495 3304 transi:
521 3237 563 3302 τά
586 3261 621 3301 τε
644 3236 782 3318 έΦέσιμα
804 3237 856 3302 καί
880 3236 923 3302 τά
947 3237 1145 3316 ἀναπίμπια,
1169 3235 1225 3302 tta
1248 3234 1284 3301 ἀν
1305 3235 1388 3318 παρά
1408 3260 1444 3300 τε

269 3354 327 3416 τῶν
361 3349 500 3431 μειζόνων
535 3351 689 3431 ἀρχοντων
723 3349 776 3415 καί
801 3350 885 3433 παρόο
909 3355 966 3416 τῶν
990 3351 1247 3433 ε’πιτρόπων....
1272 3352 1443 3433 ἀφικνῆται

210 3507 221 3526 ,
271 3467 322 3549 52,
346 3467 399 3550 33,
423 3469 459 3547 1;

315 3583 347 3659 2)
369 3576 528 3661 έρχεσόαιτ

313 3693 383 3767 τοὺς
406 3691 547 3768 έλόόντας
571 3694 642 3776 παρ’
666 3695 759 3760 αὑτοῦ
786 3693 989 3777 προέπεμψαν
1014 3697 1065 3777 42,
1090 3697 1119 3778 4,
1145 3696 1182 3775 1;

315 3809 507 3888 πρεσβευτῶν
542 3807 627 3889 παρά
661 3813 714 3873 τοῦ
749 3809 892 3890 Τιβερίου
926 3809 1096 3888 βουλευτῶν
1119 3807 1251 3872 έλόόντνν
1277 3808 1328 3891 57,
1352 3811 1381 3890 5,
1405 3810 1464 3894 43¹

314 3917 400 3996 ἦλθον
424 3923 495 4002 παρ’
520 3922 701 4004 ἀμφοτέρων
725 3923 823 3987 αὐτῶν
848 3923 921 4003 πρός
940 3921 1096 4002 ἑκατέρους
1117 3921 1286 4000 βουλευταί
1299 3922 1350 4005 50,
1364 3924 1442 4005 9,4ι;

314 4038 497 4101 transi:
522 4035 660 4115 ἀγγελία
683 4035 833 4101 ἐπινικίων
858 4036 985 4100 ἐλθοῦσα
1009 4033 1093 4116 παρά
1117 4037 1265 4116 Τραϊανοῦ
1290 4037 1342 4120 68,
1362 4039 1442 4120 3,4ι;

269 4150 374 4232 (12002

316 4264 467 4345 χρήματα
502 4265 536 4329 ἐκ
568 4270 624 4338 τῆς
652 4263 764 4336 Ἀσίας
788 4263 873 4344 παρά
897 4267 950 4327 τοῦ
974 4262 1069 4343 Τρεβ.
1095 4257 1166 4336 ἦλθε
1190 4263 1241 4346 47,
1266 4265 1317 4346 21,
1343 4265 1380 4344 3;
1407 4262 1445 4327 of.

269 4379 322 4462 47,
347 4380 398 4461 30,
423 4381 462 4461 4;
487 4381 540 4462 40,
563 4381 615 4462 31,
640 4379 677 4441 4:

315 4493 399 4570 λόγοι
425 4493 508 4573 αὐτῷ
534 4491 619 4573 παρά
643 4496 696 4556 τοῦ
720 4489 835 4572 Πρίμου
860 4488 958 4572 Φίλιοι
982 4485 1067 4564 ἦλόον
1092 4491 1143 4574 65,
1169 4491 1220 4574 10,
1242 4493 1280 4573 3;
