3378 5212
669 1621 993 1698 OONSPEOTUS.

286 2159 398 2225 Restat
428 2164 464 2225 ut
494 2159 634 2224 breviter
657 2178 867 2244 exponamus,
892 2163 1051 2243 quantum
1075 2157 1114 2221 ab
1138 2158 1254 2223 Atticis
1278 2159 1413 2243 scripto-

244 2273 334 2338 ribus
367 2272 573 2338 declinaverit
604 2272 735 2338 Cassius
758 2272 830 2356 Dio,
853 2273 941 2357 quod
963 2273 1077 2337 attinet
1100 2272 1140 2336 ad
1165 2291 1260 2336 usum
1284 2289 1414 2357 praepo-

244 2388 371 2452 sitionis
396 2384 489 2468 aare.

289 2500 314 2565 Ι.
352 2499 401 2565 De
434 2501 669 2586 praepositione
705 2499 790 2580 rapot
823 2519 897 2564 oum
934 2499 1096 2564 dativo
1131 2500 1303 2564 ooniunota
1337 2499 1415 2565 haee

245 2615 401 2680 habemus
424 2614 521 2699 digna
544 2633 627 2699 quae
649 2614 962 2680 animadvertantur:

289 2729 308 2810 ξ
346 2730 373 2792 1.
408 2727 488 2792 Cum
512 2728 610 2792 rebus
633 2730 787 2792 inanimis
810 2729 1014 2793 coniunctam
1039 2729 1307 2812 praepositionem
1332 2725 1417 2806 παρὰ

245 2862 315 2906 raro
349 2841 523 2907 adhibitam
557 2861 629 2906 esse
663 2847 820 2921 constat3.
841 2840 951 2907 Cassio
986 2839 1048 2906 Dio
1083 2846 1190 2906 autem
1225 2861 1289 2906 non
1321 2860 1415 2926 saepe

245 2956 385 3040 quidem,
415 2956 471 3020 sed
494 2956 696 3041 frequentius
721 2976 817 3040 quam
842 2957 943 3021 Attici
967 2957 1167 3041 antiquiores
1190 2955 1288 3020 rebus
1311 2956 1414 3019 inani-

244 3071 305 3134 mis
339 3068 469 3154 (quibus
500 3072 628 3154 saepius
652 3089 862 3154 personarum
887 3072 1050 3135 notionem
1074 3071 1181 3134 inesse
1205 3057 1415 3151 ostendimus)

244 3182 393 3248 adiunxit
420 3185 687 3268 praepositionem
715 3181 807 3264 rapui,
834 3204 898 3267 qua
920 3185 954 3247 in
978 3202 1013 3248 re
1036 3202 1110 3248 eum
1134 3185 1326 3248 imitatorem
1350 3181 1415 3247 He-

243 3298 348 3363 rodoti
371 3316 405 3362 se
428 3297 614 3382 praebuisse
637 3299 938 3364 demonstravimus.
962 3301 1043 3384 (pag.
1067 3299 1197 3379 9-13).

289 3412 308 3493 ξ
343 3414 372 3477 2.
406 3411 444 3476 In
480 3431 634 3496 personae
668 3414 756 3477 reive
787 3413 1036 3477 commoratione
1067 3431 1124 3496 per
1146 3411 1414 3496 praepositionem

245 3525 329 3606 raph
363 3545 437 3590 oum
462 3526 568 3590 dativo
592 3526 764 3590 indieanda
787 3527 868 3591 nihil
892 3529 1024 3591 novarit
1048 3524 1117 3590 Dio.
1141 3524 1199 3589 Bis
1221 3525 1414 3609 praepositio

246 3639 330 3720 rapot
352 3640 512 3725 signifieat
537 3641 589 3721 ,in
614 3640 705 3705 libris
727 3641 893 3724 scriptoris
916 3639 1107 3705 cuiusdam’'
1128 3637 1414 3723 quaesignifioatio

245 3773 310 3817 non
334 3755 404 3819 sine
426 3754 574 3839 exemplo
598 3758 656 3818 est.
681 3756 761 3838 (pag.
789 3755 939 3835 13-16).

289 3868 308 3948 ξ
345 3869 373 3932 3.
416 3865 524 3932 Verba
563 3868 726 3951 loquendi,
761 3867 911 3949 forensia,
947 3865 1067 3951 quibus
1101 3867 1296 3951 praepositio
1332 3864 1415 3945 raph

245 3981 353 4045 addita
386 3987 443 4061 est,
478 3986 515 4045 ut
549 3981 719 4064 indicetur,
753 4001 859 4045 coram
893 3980 1013 4065 quibus
1037 3980 1088 4045 vel
1111 3999 1249 4065 quorum
1274 3978 1415 4062 arbitrie,

243 4095 363 4158 iudicio
394 4094 473 4178 quid
503 4094 568 4176 fiat,
599 4096 678 4159 nihil
703 4095 821 4159 habent
845 4095 931 4179 quod
955 4115 973 4158 a
997 4095 1123 4179 vulgari
1148 4114 1210 4159 usu
1234 4094 1411 4159 abhorreat.

288 4207 449 4273 Paulatim
484 4216 590 4272 tamen
625 4211 707 4273 hano
737 4210 982 4294 praepositionis
1008 4212 1171 4274 notionem
1196 4208 1347 4273 accedere
1371 4208 1412 4272 ad

244 4342 313 4387 eam
337 4322 603 4407 significationem
630 4341 712 4407 qnae
735 4324 819 4388 inest
841 4324 1070 4408 praepositioni
1094 4322 1152 4386 ὑπὸ
1176 4342 1249 4388 cum
1272 4324 1415 4408 genitivo

244 4437 383 4521 iunctae,
407 4437 625 4502 demonstrare
648 4439 754 4502 eonati
779 4456 893 4502 sumus
917 4456 987 4522 pag.
1014 4438 1064 4521 18,
1087 4438 1243 4523 exemplis
1263 4436 1415 4502 adhibitis
