3378 5212
672 484 675 492 ’
786 499 908 589 rrv'

276 819 294 902 5
329 821 357 882 7.
387 820 554 886 Postremo
586 827 739 906 quattuor
763 821 856 887 nobis
879 824 999 907 reliqui
1021 827 1099 887 sunt
1122 823 1193 905 loci,
1218 823 1257 886 dc
1282 823 1402 907 quibus

231 935 402 1017 seperatim
426 935 587 1019 agendum
611 955 682 1021 esse
706 936 849 1001 videtur:

276 1047 330 1131 48,
373 1049 404 1131 9,
446 1049 483 1111 4:
524 1046 632 1128 μάχαι
666 1052 752 1130 σφῶν
786 1055 924 1128 συνεχεῖς
959 1048 1119 1126 ἐγίγνοντο,
1156 1045 1233 1113 θίστε
1267 1047 1320 1113 καὶ
1355 1074 1402 1114 τι-

232 1159 411 1239 τρώσκεσθαι
454 1158 506 1224 καί
547 1159 741 1236 ἀποθνήσκειν
784 1162 854 1243 παρ’
897 1160 1074 1243 ἀμφοτέρων
1115 1160 1221 1239 δμοίως
1260 1162 1402 1235 πολλούς.

275 1274 330 1357 47,
354 1275 407 1358 37,
432 1276 468 1339 5:
494 1274 734 1353 ἀντικαθημένων
759 1275 791 1339 δέ
814 1276 912 1340 αὐτῶν
935 1276 1085 1350 ἀλλήλοις
1109 1274 1250 1356 ἐκδρομαὶ
1274 1275 1329 1353 μέν
1350 1276 1402 1341 καὶ

232 1384 424 1462 ἀντεπέξοδοι
461 1390 532 1470 παρ’
567 1388 748 1471 ἀμφοτέρων
782 1390 820 1462 ἀς
855 1387 966 1469 ἔτυχεν
1002 1388 1163 1467 ἐγίγνοντο,
1196 1388 1287 1468 μάχη
1312 1389 1344 1453 δὲ
1369 1391 1402 1454 ἐκ

233 1498 434 1582 παρατάξεως
457 1501 602 1580 οὐδεμία.
618 1551 625 1567 .
640 1550 670 1568 ..
694 1501 870 1582 συνηνέχθη.

275 1615 330 1699 49,
363 1617 414 1700 10,
448 1618 483 1679 1;
509 1615 582 1689 τέως
605 1616 661 1693 μέν
684 1611 732 1680 οὖν
756 1616 915 1689 ίσοπαλεῑς
939 1611 1023 1691 ἦσαν,
1047 1613 1123 1681 οὕτω
1146 1641 1182 1680 τε
1205 1620 1308 1681 ταῦτα
1331 1617 1401 1696 παρ’

231 1726 411 1808 ἀμφοτέρων
433 1727 538 1806 ὅμοίως
562 1727 719 1807 ἐγίγνετο.
734 1778 741 1793 .
757 1778 764 1794 .
780 1778 787 1794 .

185 1831 188 1838 ¹
276 1840 329 1924 46,
342 1841 396 1926 38,
411 1843 428 1906 7
440 1865 446 1904 :
471 1841 561 1924 φθνου
575 1843 646 1924 παρ’
660 1841 839 1924 ἀμφοτέρων
853 1847 971 1907 πολλοῦ
982 1841 1139 1920 γενομένου
1152 1840 1280 1922 τραπεὶς
1293 1839 1401 1923 ἔφυγε.

275 1952 435 2020 Omnibus
459 1957 546 2021 hisce
569 1957 649 2021 locis
673 1955 786 2022 Latine
810 1959 929 2041 optime
967 1978 988 2021 u
1002 1963 1014 2021 t
1027 1978 1043 2021 r
1056 1960 1067 2020 i
1081 1977 1111 2020 m
1126 1978 1146 2042 q
1160 1976 1211 2021 ue
1247 1958 1400 2036 vertitur;

230 2067 350 2132 locutio
386 2069 458 2148 παρ’
494 2068 675 2150 ἀμφοτέρων
709 2089 789 2153 per
823 2087 870 2134 se
904 2071 982 2133 mihi
1018 2074 1172 2154 usurpata
1207 2070 1336 2134 videtur
1366 2075 1404 2134 ut

230 2181 397 2266 significet,
421 2181 460 2246 ab
481 2187 619 2268 utraque
638 2188 790 2268 portuen
803 2188 941 2267 utroque
953 2185 1099 2248 exercitu
1110 2185 1162 2248 vel
1187 2184 1238 2248 de
1261 2185 1402 2247 utris·

231 2314 324 2379 que.
361 2293 564 2380 Quamquam
599 2316 671 2360 raro
706 2316 784 2362 sane
818 2299 957 2361 occurrit
991 2297 1070 2361 haec
1101 2281 1231 2378 locutio,
1255 2298 1402 2380 exempla

229 2409 414 2474 invenimus
448 2410 570 2494 aliquot
603 2411 688 2494 apud
723 2409 901 2475 Diodorum
924 2409 1069 2475 Siculum
1092 2413 1149 2494 qui
1173 2410 1266 2475 habet
1289 2413 1323 2475 in
1347 2411 1402 2474 Bi·

231 2521 338 2586 blioth.
373 2522 457 2588 Hist.
491 2525 542 2608 19,
575 2525 629 2608 42,
661 2527 698 2589 6:
726 2525 834 2589 πολλοὶ
861 2526 932 2605 παρ’
956 2523 1136 2606 ἀμφοτέρων
1160 2522 1288 2588 έπιπτον
1311 2528 1399 2609 (quo-

230 2657 304 2700 cum
339 2640 488 2722 congruit
522 2641 647 2723 primus
682 2645 791 2704 noster
825 2640 933 2720 locus;
970 2638 1097 2702 πίπτειν
1132 2641 1216 2704 enim
1249 2640 1332 2704 idem
1354 2645 1403 2704 est

230 2754 327 2834 atquc
360 2751 572 2832 ἀποθνήσκειν).
609 2751 778 2817 Genitivus
808 2751 989 2833 ἀμφοτέρων
1012 2758 1044 2818 et
1066 2753 1194 2816 dativus
1218 2751 1403 2836 ἀμφοτέροις

229 2866 263 2929 in
297 2865 463 2930 codicibus
497 2863 630 2930 Diodori
666 2865 793 2930 confusi
827 2872 1002 2930 occurrunt
1036 2866 1201 2930 nonnullis
1225 2866 1312 2948 locis,
1335 2885 1402 2951 eg.

233 2980 284 3062 18,
307 2980 367 3060 443
398 2980 450 3062 19,
476 2980 528 3062 76,
553 2982 573 3043 2
597 2978 654 3044 ubi
677 2978 784 3058 συχνοί
809 2979 881 3059 παρ’
908 2977 1095 3060 ἀμφοτέροις
1117 2981 1201 3058 (aliis
1224 2979 1314 3043 codd.
1339 2980 1401 3057 ἀμ-

231 3090 372 3173 φοτέρων)
396 3088 501 3156 ἔπεσον
524 3093 671 3176 legimus,
695 3111 777 3176 quae
800 3111 851 3156 res
870 3091 1122 3178 Wesselingium
1144 3095 1245 3156 movit
1265 3098 1301 3158 ut
1322 3093 1401 3158 deti·

229 3225 306 3269 vum
330 3204 453 3289 ubique
476 3205 721 3289 praeferendum
745 3205 910 3287 iudicaret,
934 3207 1035 3270 invito
1055 3205 1223 3270 Schaeiero
1245 3208 1301 3290 qui
1313 3209 1402 3291 geni-

228 3320 332 3382 tivum
353 3317 494 3383 defendit
513 3319 591 3382 locis
610 3321 642 3382 in
656 3321 877 3383 testimonium
890 3321 1012 3383 vocatis
1023 3318 1081 3383 ubi
1093 3319 1173 3382 nihil
1186 3320 1348 3385 varietatis
1360 3340 1402 3385 ex

229 3431 307 3497 ibris
328 3437 490 3497 enotatum
516 3438 574 3514 est,
598 3452 623 3496 e.
636 3454 666 3517 g.
689 3434 741 3516 16,
766 3434 802 3497 7;
824 3435 946 3496 πολλῶν
965 3431 1120 3513 ἀνθρώπων
1134 3432 1205 3513 παρ’
1220 3431 1401 3513 ἀμφοτέρων

230 3544 461 3626 διαφθαρέντων,
496 3548 549 3610 cui
584 3546 654 3610 loco
684 3546 758 3610 addi
789 3551 940 3630 possunt:
977 3546 1029 3628 11,
1055 3546 1107 3627 13,
1132 3547 1169 3608 2:
1196 3546 1313 3609 πολλαὶ
1337 3554 1401 3622 νῆες

230 3659 302 3738 παρ’
325 3656 505 3739 ἀμφοτέρων
528 3656 729 3739 διεφθάρησαν
753 3657 822 3743 (ubi
847 3657 949 3742 Vogel
972 3660 1005 3722 in
1030 3659 1103 3723 edit.
1124 3659 1270 3723 adnotat:
1293 3660 1400 3741 ἀμφο-

229 3770 320 3850 τέροις
355 3770 487 3854 1111111111),
522 3772 573 3854 13,
604 3772 636 3855 8,
670 3772 705 3834 l:
741 3773 863 3834 πολλῶν
896 3771 967 3851 παρ’
993 3769 1173 3852 ἀμφοτέρων
1197 3772 1401 3852 ἀναιρεθέντων

141 3905 147 3929 ι
229 3885 362 3968 (Vogelt
392 3883 576 3965 ἀμφοτέροις
608 3886 766 3968 praestat),
803 3884 854 3968 14,
886 3886 940 3967 52,
965 3885 1002 3948 5:
1029 3885 1101 3964 παρ’
1127 3883 1270 3966 ἑκατέρων
1294 3886 1319 3950 οἱ
1342 3912 1400 3950 κιν-

229 3996 395 4070 δυνεύοντες
429 3999 575 4072 ἀπῆλθον,
613 4000 664 4082 13,
699 3999 751 4081 17,
783 3999 820 4061 5:
855 3996 939 4078 παρά
972 3998 1003 4061 δὲ
1037 4002 1094 4062 τῶν
1117 3998 1301 4079 Συρακοσίων
1323 4002 1400 4065 θκτά

229 4112 284 4191 μέν
308 4110 418 4184 τελέως
442 4111 670 4193 διεφθαρμένων,
694 4110 858 4177 ἑκκαίδεκα
883 4111 914 4176 δέ
938 4112 1204 4192 συντετριμμένων,
1228 4113 1296 4194 (ubi
1320 4113 1400 4179 nihil

228 4228 415 4292 adnotatum
451 4228 638 4292 invenimus
672 4248 691 4291 a
725 4226 869 4312 Vogelio‚
904 4247 1099 4312 quamquam
1131 4227 1214 4292 idem
1248 4234 1296 4293 est
1319 4249 1400 4294 usus

227 4341 474 4426 praepositionis
498 4346 594 4425 atque
618 4339 841 4424 superioribus
864 4341 963 4421 locis).

271 4452 344 4517 Non
380 4454 519 4519 eundem
554 4453 753 4518 intellectum
786 4451 902 4516 habere
925 4454 1191 4537 praepositionem
1217 4454 1302 4535 παρὰ
1325 4475 1399 4519 cum
