3400 5212
816 507 858 574 51

252 698 323 779 πρὸς
346 698 389 778 τῷ
403 745 410 761 .
507 701 601 760 ποιεῖν
624 695 888 780 coniungendam
912 714 1007 761 nemo
1030 715 1094 760 non
1119 696 1229 780 ridet).
1252 695 1320 762 Nec
1343 697 1423 762 mul-

251 817 320 876 tum
345 811 442 876 distat
464 812 552 874 notio
577 810 666 875 verbi
690 811 859 894 compositi
882 810 985 893 primo
1010 828 1107 893 quem
1129 809 1336 875 laudavimus
1354 811 1425 875 loco

252 926 305 1003 ³8,
329 925 383 1002 45,
407 925 438 1001 3,
462 922 519 987 ubi
543 923 622 988 haec
644 923 800 1006 legimus:

297 1041 360 1110 πῶς
394 1037 421 1101 δ’
456 1037 509 1101 οὐκ
544 1034 580 1100 άν
613 1039 736 1113 μάλλον
759 1039 831 1115 ἡμῖν
856 1035 970 1110 πάντες
993 1035 1009 1109 ἢ
1035 1035 1131 1116 ἐκείνῳ
1155 1035 1347 1117 συναράμενοι
1372 1037 1426 1110 τήν

251 1176 286 1216 τε
309 1149 470 1231 τυραννίδα
493 1151 587 1214 αὑτοῦ
610 1145 710 1230 ὅμορόν
732 1154 839 1231 σφισιν
863 1144 952 1214 οὖσαν
974 1153 1149 1214 καταλῦσαι
1175 1148 1227 1213 καὶ
1250 1158 1304 1225 τῆς
1325 1148 1427 1231 χώρας

249 1264 335 1346 μέρος
356 1288 384 1328 τι
409 1265 481 1345 παρ’
506 1265 588 1342 ἡμῶν
612 1263 799 1344 προσλαβεῖν
823 1263 1010 1338 ἐθελήσειαν,
1034 1263 1163 1329 Etenim
1183 1265 1260 1330 lieet
1280 1264 1314 1328 in
1336 1284 1426 1349 prae·

250 1378 440 1445 cedentibus
469 1380 539 1463 ipsa
569 1379 763 1464 praepositio
787 1397 853 1443 non
877 1379 1088 1462 exprimatur,
1112 1378 1223 1443 eadem
1248 1383 1355 1442 tamen
1377 1384 1426 1443 est

251 1495 301 1558 vis
324 1494 571 1578 praepositionis
596 1492 667 1572 πρὸς
689 1493 725 1556 iu
749 1491 847 1558 verbo
869 1494 1046 1577 composito
1069 1489 1326 1573 προσλαμβάνειν,
1351 1512 1426 1556 nam

250 1609 410 1673 sententia
434 1626 517 1691 quae
540 1609 654 1672 ultima
673 1607 833 1672 antecedit
846 1604 954 1684 rerba,
967 1605 1084 1671 obiecti
1095 1607 1199 1671 instar
1210 1611 1259 1670 est
1270 1607 1321 1668 τοῦ
1336 1628 1426 1684 προσ-

251 1717 435 1798 λαμβάνειν,
470 1720 530 1785 boc
560 1722 670 1804 itaque
700 1721 795 1785 modo
819 1719 1011 1803 explicanda
1035 1725 1083 1785 est
1105 1726 1173 1784 tota
1197 1721 1366 1798 sententia,
1391 1724 1428 1783 ut

249 1834 317 1900 fere
346 1834 411 1918 legi
442 1835 561 1917 possit:
586 1833 657 1914 πρὸς
682 1833 723 1913 τῷ
747 1833 801 1907 τὴν
824 1831 984 1913 τυραννίδα
997 1881 1005 1899 .
1020 1881 1027 1896 .
1042 1881 1073 1898 .,
1097 1835 1272 1896 καταλῦσαι
1296 1830 1348 1894 καὶ
1372 1838 1427 1906 τῆς

250 1947 353 2027 χώρας
381 1945 467 2027 μέρος
490 1969 519 2010 τι
544 1945 728 2026 προσλαβεῖν
752 1946 991 2031 (praeterquam
1015 1946 1102 2030 quod
1125 1947 1196 2011 eius
1220 1946 1426 2028 tyrannidem

252 2062 418 2127 destruere
439 2067 587 2148 possunt,
610 2065 735 2147 partem
759 2079 890 2146 qnoque
908 2060 1189 2146 anobisaliquam
1201 2062 1272 2126 eius
1285 2061 1427 2144 regionis

253 2177 398 2260 accipere
421 2175 546 2260 velint).

296 2289 406 2354 Unum
430 2293 529 2354 restat
550 2289 765 2373 compositum
788 2288 828 2352 de
853 2307 918 2372 quo
942 2288 1064 2352 dicam:

296 2400 527 2483 προλαμβάνειν
562 2399 731 2482 εὐεργεσίαν
767 2400 851 2482 παρά
887 2425 964 2475 τινος
998 2403 1053 2480 41,
1076 2404 1131 2480 62,
1156 2403 1194 2483 5;
1230 2400 1362 2486 (Caesar
1385 2421 1427 2466 ex

249 2517 454 2602 Pompeianis
490 2514 571 2581 πολὺ
607 2515 727 2590 τούτους
750 2518 871 2594 μάλλον
895 2516 1008 2597 ἐπῄνει,
1034 2518 1092 2601 qui
1114 2521 1206 2601 grato
1230 2517 1338 2581 animo
1363 2535 1427 2581 me-

251 2651 356 2698 mores
380 2631 609 2698 beneficiorum
632 2652 651 2696 a
674 2631 828 2716 Pompeio
852 2636 1057 2716 acceptorum
1081 2632 1151 2696 eius
1173 2628 1272 2695 rebus
1295 2630 1426 2694 studue-

250 2751 332 2826 rant
368 2749 425 2809 τῶν
456 2743 623 2825 εὐεργεσίαν
655 2743 711 2822 μέν
742 2768 809 2809 τινα
834 2742 919 2825 παρά
943 2748 996 2808 τοῦ
1019 2752 1124 2822 Πομπ.
1151 2743 1373 2824 προλαβόντων,
1398 2743 1427 2806 ἐν

251 2859 284 2923 δὲ
319 2859 354 2933 δὴ
389 2865 452 2932 τοῖς
487 2858 626 2932 κινδύνοις
660 2859 750 2924 αὐτὸν
782 2857 1075 2942 ἐγκαταλιπόντων).
1106 2857 1178 2923 Hoc
1204 2876 1336 2943 qnoque
1357 2858 1427 2922 loco

251 2975 301 3038 vis
331 2975 575 3058 praepositionis
606 2975 739 3038 omnino
762 2974 911 3038 cohaeret
933 2992 1007 3038 cum
1032 2978 1099 3038 tota
1121 2975 1298 3054 sententia;
1322 2991 1427 3038 sermo

251 3089 336 3152 enim
364 3092 413 3152 est
436 3087 476 3152 de
497 3088 538 3152 iis
563 3086 730 3166 militibus,
756 3087 812 3172 qui
848 3091 988 3151 antea
1023 3086 1112 3170 (ante
1135 3086 1278 3170 pericula
1302 3086 1385 3170 orta)
1409 3106 1428 3150 a

250 3201 404 3285 Pompeio
437 3199 600 3266 beneficiis
636 3199 739 3265 affecti
771 3205 872 3278 erant,
904 3200 961 3265 sed
992 3201 1026 3263 in
1051 3202 1121 3284 ipso
1144 3200 1288 3284 periculo
1311 3201 1426 3264 ducem

251 3314 471 3379 destituerent.

296 3426 389 3505 Quod
412 3429 575 3512 igiturex
598 3427 837 3511 antiquioribus
859 3426 1073 3512 scriptoribus
1096 3445 1191 3511 saepe
1214 3427 1427 3491 constitutum

252 3547 300 3606 est
333 3543 419 3606 idem
454 3542 560 3606 valere
593 3546 724 3627 apparet
757 3560 775 3606 e
809 3542 967 3606 sermonis
1001 3539 1118 3606 Dionei
1151 3540 1308 3624 exemplis
1332 3540 1426 3604 modo

251 3656 372 3721 allatis:
407 3675 472 3720 non
507 3661 634 3720 exstare
669 3655 804 3720 verbum
840 3656 926 3739 quod
962 3657 1063 3740 magis
1096 3674 1169 3719 cum
1193 3654 1428 3738 praepositione

253 3768 336 3849 παρά
359 3771 482 3835 sociare
504 3771 642 3833 amarint
666 3767 779 3833 Graeci
802 3789 900 3853 quam
923 3769 957 3832 id
979 3769 1065 3853 quod
1085 3773 1134 3832 est
1155 3765 1336 3845 λαμβάνειν.
1357 3765 1426 3831 Iam

252 3883 379 3948 afferam
411 3888 516 3948 cetera
546 3882 644 3948 verba
668 3901 752 3966 quae
774 3882 951 3968 accipiendi
975 3883 1106 3947 notione
1128 3881 1272 3966 praedita
1296 3900 1427 3966 praepo·

252 3999 400 4063 sirionem
426 3996 510 4076 παρά
534 3999 567 4060 in
591 3996 706 4061 Dionis
725 3995 817 4061 libris
837 4004 1020 4075 assumunt,
1033 3998 1190 4081 exemplis
1205 3997 1426 4079 antiquiorum

252 4119 321 4176 tum
346 4112 440 4175 modo
464 4111 581 4175 additis
605 4131 677 4174 cum
704 4118 791 4175 certa
814 4111 953 4196 quadam
977 4113 1016 4176 de
1039 4130 1138 4175 causa
1157 4112 1236 4176 utile
1257 4110 1427 4175 videbitur.

296 4225 406 4289 Primo
440 4225 511 4288 loco
534 4223 668 4289 verbnm
694 4223 835 4304 δέχεσθαι
860 4227 1001 4303 nominc,
1026 4227 1113 4310 quod
1138 4224 1272 4290 verbum
1297 4227 1427 4310 saepius

254 4359 328 4404 cum
350 4341 587 4423 praepositione
611 4338 695 4417 παρά
717 4339 927 4403 coniunctum
953 4340 1149 4404 invenimus.

299 4451 352 4517 Sic
388 4454 440 4530 51,
478 4454 530 4530 21,
566 4453 604 4514 4:
643 4453 725 4533 παρά
760 4456 817 4516 τῶν
854 4451 1056 4517 adrasum...
1095 4451 1128 4516 τὸ
1162 4451 1284 4533 χρυσίον
1308 4452 1342 4516 τδ
1366 4458 1427 4525 τοῖς
