3378 5212
832 547 896 612 134

279 735 392 800 iisdem
427 735 492 798 fere
527 734 632 798 verbis
665 741 774 800 narrat
807 732 878 821 (22,
910 737 964 817 27,
996 733 1048 820 6):
1084 753 1139 816 „so
1169 732 1230 821 (sc.
1253 733 1452 821 Minucium)

279 852 436 933 optimum
473 848 590 912 ducere
624 855 680 912 aut
719 848 887 912 diebus
922 849 1132 912 alternis
1166 854 1231 928 aut,
1267 851 1294 912 si
1331 849 1453 912 maiora

278 964 447 1028 intervalla
479 965 649 1047 placerent,
678 964 804 1048 partitis
828 962 1027 1048 temporibus
1051 964 1183 1027 alterius
1207 981 1374 1027 summum
1397 963 1451 1025 ius

278 1078 517 1162 imperiumque
539 1075 639 1140 esse”.
783 1145 790 1157 ‚

324 1189 435 1270 ἡμέραν
459 1189 531 1269 παρ’
556 1187 668 1269 ἡμέραν
690 1185 796 1268 ἄρχειν
820 1189 952 1253 alteruis
976 1188 1090 1253 diebus
1109 1191 1275 1273 imperare,
1294 1191 1338 1253 ita
1351 1190 1452 1272 expli·

280 1304 419 1368 candum
446 1322 516 1367 esse
541 1303 677 1384 videtur,
703 1308 739 1366 ut
759 1303 841 1366 alter
863 1321 920 1387 per
943 1323 1047 1367 unum
1071 1303 1164 1384 diem,
1188 1303 1268 1367 alter
1290 1323 1345 1386 per
1368 1303 1451 1367 diem

280 1420 387 1482 statim
411 1422 482 1500 post
507 1414 631 1501 (παρα)
658 1416 794 1479 alterum
820 1416 903 1480 diem
928 1418 1100 1499 imperium
1124 1416 1247 1480 habeat.

322 1530 539 1614 Temporalem
582 1531 667 1593 enim
711 1530 874 1593 notionem
918 1531 1023 1594 inesse
1059 1531 1287 1614 praepositioni
1322 1536 1454 1613 apparet

280 1643 526 1729 inspicientibus
561 1644 667 1707 locum
704 1661 745 1706 ex
776 1642 977 1726 Antiphonte
999 1640 1048 1729 (5,
1074 1640 1150 1729 72):
1176 1642 1261 1722 μέγα
1285 1666 1331 1708 τον
1356 1643 1454 1723 ἡμέρα

281 1781 316 1822 π.
352 1757 463 1838 ἡμέραν
497 1756 658 1836 γνγνομένη
682 1755 804 1835 γνώμην
827 1753 862 1832 ἐξ
885 1759 973 1838 ὀργῆς
996 1767 1193 1836 μεταστῆσαι
1219 1757 1272 1823 καὶ
1296 1759 1351 1832 την
1374 1757 1453 1832 darl-

281 1870 360 1935 θειαν
384 1871 470 1951 εὑρεῖν
495 1874 553 1934 τῶν
575 1869 788 1949 γεγενημένων,
814 1872 900 1936 unde
920 1873 1102 1936 coniectura
1123 1875 1252 1956 assequi
1271 1892 1454 1957 possumuS,

281 1986 341 2049 hac
373 1987 535 2050 locutione
568 1985 654 2049 idem
688 1984 758 2050 fieri
793 1987 880 2068 quod
910 1985 1084 2050 habuimus
1109 2006 1212 2070 nuper
1235 1989 1267 2050 iu
1292 1988 1455 2052 locutione

282 2122 317 2162 τ.
353 2097 437 2163 αὐτὰ
470 2098 512 2163 τὰ
536 2097 712 2178 πράγματα
735 2095 860 2184 (statim
884 2104 957 2183 post
979 2118 1031 2164 res
1055 2097 1183 2186 factas),
1205 2120 1247 2165 ex
1272 2121 1336 2185 quo
1360 2102 1453 2166 alter·

281 2214 390 2278 nativa
413 2213 463 2276 via
485 2213 731 2296 praepositionis
755 2219 824 2277 orta
847 2233 917 2277 esse
942 2214 1077 2278 videtur.

327 2328 468 2391 Auctore
503 2347 531 2388 v.
567 2327 595 2389 d.
626 2325 695 2390 Rau
727 2326 818 2391 locus
842 2328 1099 2410 Aristophaneus
1123 2327 1216 2393 nobis
1239 2328 1455 2394 conferendus

282 2445 331 2506 est
357 2438 454 2526 (Rau.
478 2436 569 2524 643),
600 2438 656 2503 ubi
680 2440 807 2503 Aeacus
830 2438 963 2503 Xantho
988 2441 1113 2524 roganti
1138 2444 1202 2514 σῶς
1226 2435 1273 2505 οὗν
1297 2440 1454 2518 βασανιεῖς

282 2553 318 2618 ab
354 2551 491 2626 δεκαέωςς
521 2552 600 2616 haec
630 2553 817 2635 respondet:
839 2551 953 2636 ῥαδίως·
978 2555 1104 2630 πληγὴν
1128 2554 1212 2635 παρα
1236 2555 1360 2634 τληγην
1383 2555 1453 2621 ἐκσέ-

283 2687 372 2748 τερον.
405 2703 445 2714 -
482 2666 555 2730 Alia
590 2667 674 2751 apud
708 2668 833 2731 Atticos
868 2687 950 2752 quae
986 2677 1160 2734 occurrunt
1194 2671 1341 2755 exempla
1377 2673 1454 2735 haec

283 2781 392 2846 laudat
425 2779 513 2845 Rau:
548 2779 658 2863 Eurip.
693 2778 818 2845 Heracl.
850 2782 932 2845 611:
967 2781 1051 2862 παρα
1081 2782 1107 2846 δ’
1128 2781 1231 2846 ἄλλαν
1253 2780 1342 2848 ἄλλα
1366 2791 1455 2868 μοῖρα

283 2893 391 2968 ὄνωνιν,
434 2893 526 2958 Plato
571 2892 648 2977 Rep.
693 2914 721 2976 p.
763 2895 828 2958 348
875 2897 921 2958 A:
966 2894 1272 2970 ἀντικατατείναντες
1316 2896 1455 2976 λέγωμεν

282 3007 362 3090 αὐτῷ
397 3005 485 3086 λέγον
520 3005 603 3087 ταρὰ
633 3005 730 3085 λέγον.
754 3007 912 3090 Polybius
936 3009 1130 3075 locutionem
1156 3010 1240 3091 παρὰ
1262 3010 1337 3089 μίαν
1360 3011 1456 3076 habet

282 3121 342 3209 (sc.
367 3118 496 3205 ἡμέραν)
519 3121 550 3203 3,
576 3120 651 3203 110,
675 3122 706 3204 4,
730 3141 828 3185 sensu
856 3123 1008 3202 „alternis
1033 3123 1179 3206 diebus’',
1204 3124 1288 3205 παρα
1307 3122 1456 3206 τετοέρτην

283 3235 395 3317 ἡμέραν
429 3233 478 3320 (6,
513 3235 567 3318 33,
604 3231 649 3320 9).
681 3234 733 3299 Sic
758 3237 844 3318 apud
868 3235 1044 3301 Diodorum
1071 3239 1226 3304 habemus
1249 3237 1298 3326 (4,
1322 3241 1375 3322 65,
1402 3238 1453 3327 1);

284 3351 355 3432 παρ’
381 3348 514 3414 ἐνιαυτὸν
535 3345 642 3428 ἄρχειν
668 3348 819 3429 „alternis
843 3350 959 3414 annis'’
983 3372 1133 3434 regnare;
1157 3354 1242 3417 idem
1268 3356 1322 3438 32,
1348 3357 1399 3438 12,
1424 3357 1455 3419 2.

283 3467 429 3532 Conferri
463 3463 578 3547 poterit
613 3460 807 3528 Plutarchus
842 3462 978 3550 (Oleom
1016 3468 1068 3549 15,
1103 3466 1156 3553 l):
1192 3491 1225 3531 σ.
1252 3469 1384 3533 ἐνιαυτὸν
1407 3469 1456 3534 αεὶ

281 3585 472 3662 στρατηγεῖν.
508 3576 581 3641 Νοο
617 3577 729 3660 ignoro
766 3597 843 3642 sane
878 3581 1107 3662 antiquissima
1137 3582 1284 3666 exempla
1308 3602 1392 3666 quae
1415 3585 1455 3647 ad

282 3697 506 3761 alternativam
540 3693 604 3754 vim
641 3690 845 3755 indicandam
881 3693 1006 3757 laudari
1042 3696 1146 3759 solent
1181 3694 1328 3777 (Pindari
1361 3696 1456 3778 Pyth.

283 3810 342 3875 XI.
375 3811 433 3873 63:
467 3805 580 3882 τὸμὲν
605 3827 638 3868 τ.
665 3799 748 3885 οἶμαρ
772 3801 882 3886 έδραισι
907 3806 1076 3886 Θεραπνας,
1101 3808 1134 3872 τὸ
1159 3808 1185 3871 δ’
1210 3807 1356 3882 οἰκέοντας
1379 3807 1457 3873 ἔνδον

282 3922 460 4001 Ὀλύμπου,
484 3929 582 4003 atque
604 3918 770 4002 Sophoclis
795 3918 870 3984 Oed.
897 3920 961 3986 001.
988 3923 1089 3986 1455:
1113 3920 1223 4002 χρόνος,
1245 3920 1381 4003 στρέφων
1402 3922 1458 4000 μέν

284 4035 380 4118 έτερα,
409 4035 450 4100 τα
473 4034 505 4097 δέ
530 4056 565 4097 rr.
591 4026 672 4114 ἦμαρ
695 4025 779 4106 αὖένς
801 4031 900 4108 αὔξων
923 4031 1001 4122 rivo)
1028 4055 1207 4120 repugnare
1231 4035 1332 4100 videri
1355 4037 1457 4121 expli-

283 4152 400 4216 cationi
435 4168 530 4232 quam
567 4147 724 4228 dedimus,
756 4149 833 4231 quia
867 4148 957 4213 abest
987 4151 1113 4213 iteratio
1138 4150 1281 4214 eiusdem
1306 4151 1458 4216 substan·

283 4266 359 4344 tivi3
397 4262 554 4326 videri
589 4267 697 4325 tamen
729 4261 810 4343 dico,
834 4265 986 4346 quoniam
1011 4263 1081 4326 loco
1104 4262 1276 4327 Pindarico
1300 4263 1396 4328 verba
1421 4288 1456 4328 τ.

284 4375 368 4457 ἆμαρ
403 4377 493 4441 nullo
524 4375 586 4439 alio
611 4374 704 4438 modo
729 4375 808 4438 mihi
835 4376 1025 4460 explicanda
1049 4377 1199 4440 videntur
1223 4376 1397 4461 (siquidem
1421 4397 1459 4442 ea

283 4494 446 4558 locutione
481 4488 641 4554 Pindarus
679 4490 830 4572 ,alternis
865 4488 1013 4555 vicibus''
1044 4491 1223 4575 exprimere
1255 4491 1370 4576 voluit)
1391 4489 1459 4557 'nisi
