3400 5212
825 469 927 577 aa

264 701 315 782 66,
330 700 379 782 lt,
393 701 422 782 6,
445 698 502 763 nbi
526 697 658 764 verbum
680 697 763 778 ἔχειν
783 700 923 764 additam
943 698 1039 764 habet
1058 699 1327 783 praepositionem
1350 700 1434 780 σαρά

262 833 337 877 cum
367 815 509 896 genitivo
533 815 748 877 coniunctam.
772 811 821 879 De
843 813 950 879 verbis
974 816 1133 879 rhetorice
1156 815 1250 878 dictis
1274 815 1338 877 iam
1362 821 1432 879 tum

263 926 412 1009 vidimus,
435 946 522 990 nunc
546 927 584 992 de
607 929 841 1015 praepositione
866 926 951 1007 σαρά
973 928 1125 992 adiuncta
1150 927 1247 992 verbo
1272 925 1365 1007 ἔχειν.

306 1036 475 1118 εὐτύχησα,
500 1042 547 1104 sio
571 1043 735 1106 Antonius
758 1061 865 1105 coram
892 1040 1058 1124 militibus„
1080 1037 1218 1105 ἔσσαισα
1242 1042 1314 1121 παρ’
1340 1037 1376 1105 ὧν
1399 1041 1433 1105 τὸ

262 1152 337 1228 μήτ’
371 1153 608 1230 ἀπογιγνώσκειν
644 1177 675 1217 τι
699 1154 768 1231 μηθ’
795 1154 987 1236 ὑπερφρονεῖν
1011 1152 1083 1233 ἔχοι.
1109 1154 1240 1220 Collatis
1265 1157 1433 1220 sententiis

261 1267 416 1350 proximis
452 1265 577 1351 (πολλοὶ
612 1267 667 1345 μὲν
702 1266 812 1348 ἤρχθην
849 1267 955 1332 πολλοὶ
989 1268 1021 1332 δὲ
1057 1262 1142 1348 ἦρξα,
1177 1269 1238 1350 ἀφ’
1275 1265 1310 1332 ὧν
1345 1273 1432 1335 τοῦτο

262 1379 337 1455 μὲν.
354 1429 361 1444 .
376 1428 405 1444 ..
437 1381 523 1443 τοῦτο
547 1379 578 1442 δὲ
593 1430 599 1444 .
617 1429 623 1445 .
638 1430 667 1446 ..
693 1379 867 1458 μεμάθηκα.
893 1381 1055 1462 ἐφοβήθην,
1079 1379 1235 1462 ἐθάροηοα·
1262 1379 1297 1458 ἐξ
1321 1378 1357 1447 ὧν
1381 1388 1433 1448 τοῦ

263 1491 339 1569 μὲν.
355 1542 362 1557 .
377 1541 406 1557 ..
430 1497 483 1556 τοῦ
508 1493 539 1557 δὲ
555 1543 561 1557 .
577 1543 584 1559 .
599 1542 606 1556 .
623 1545 630 1558 .
656 1492 810 1580 εἴθισμαι)
832 1496 980 1561 videmus
992 1495 1090 1561 verba
1102 1493 1278 1573 μεμάθηκα,
1291 1494 1433 1575 εἴθισμαι,

262 1603 323 1684 ἔχω
358 1606 424 1671 fere
459 1609 570 1674 eadem
606 1609 840 1696 significatione
863 1610 1006 1695 praedita
1031 1630 1111 1694 esse,
1133 1613 1178 1675 ita
1202 1616 1239 1675 ut
1263 1609 1326 1689 ἔχω
1348 1612 1433 1676 idem

262 1723 304 1785 sit
316 1727 413 1806 atque
425 1721 588 1800 κέκτημαι,
601 1721 776 1800 μεμάθηκα.
788 1723 851 1788 Ubi
863 1729 971 1789 autem
985 1723 1082 1789 verba
1095 1743 1178 1808 qnae
1189 1725 1320 1789 laudavi
1333 1724 1433 1809 (κσά-

262 1834 340 1906 σθαι,
366 1831 543 1920 μανθάνειν)
568 1837 696 1921 saepius
709 1857 782 1902 oum
795 1821 1030 1922 praepositione
1043 1835 1128 1917 σαρά
1140 1840 1313 1902 coniuncta
1324 1857 1434 1902 occur·

262 1952 347 2030 runt,
378 1967 442 2014 non
468 1951 624 2014 miramur
648 1956 758 2015 nostro
781 1951 851 2015 loco
875 1951 1032 2015 rhetorice
1056 1951 1140 2015 dicto
1164 1953 1434 2035 praepositionem

263 2060 346 2140 σαρά
369 2062 507 2145 pendere
530 2083 548 2128 e
572 2064 669 2130 verbo
693 2062 766 2144 ἔχω,
791 2064 993 2150 significante
1020 2070 1178 2147 „nanctus
1191 2065 1295 2130 sum'’.
1309 2065 1435 2150 (Neque

151 2215 155 2224 -
262 2175 430 2261 desperare
464 2179 641 2263 quidquam
676 2198 784 2264 neque
818 2184 1023 2245 contemnere
1058 2180 1146 2244 hisce
1179 2179 1278 2270 rebus
1302 2180 1434 2245 edoctus

263 2309 345 2372 sum,
368 2309 409 2355 ex
435 2293 521 2356 hisce
543 2292 641 2358 rebus
665 2300 802 2358 nanctus
825 2297 922 2370 sum).
944 2291 1035 2370 Quod
1056 2294 1248 2378 praepositio
1263 2292 1434 2372 σαράοιιω

261 2422 296 2468 re
318 2405 460 2468 inanima
485 2407 534 2470 vel
557 2409 665 2491 potius
689 2427 762 2472 cum
787 2409 976 2493 pronomine
998 2408 1132 2472 relativo
1155 2408 1363 2471 coniunctum
1377 2412 1435 2490 est,

262 2523 425 2601 spectante
466 2521 629 2586 notionem
665 2521 826 2588 verbalem
863 2520 1057 2607 (φοβεῖσθαι,
1092 2520 1246 2606 σσαθειν),
1282 2522 1435 2606 quodque

262 2630 327 2695 tere
358 2651 539 2715 synonyme
569 2637 653 2700 inter
676 2655 711 2701 se
735 2641 811 2701 sunt
834 2637 1086 2721 praepositiones
1108 2633 1182 2708 ἀσθ,
1206 2632 1250 2710 ἐξ,
1277 2633 1370 2716 σαρά,
1395 2636 1435 2701 de

263 2744 350 2809 hisce
373 2745 522 2811 omnibus
545 2748 737 2814 conferenda
761 2750 852 2832 est§
880 2751 915 2814 1a
939 2754 1092 2815 extrema.

307 2967 374 3032 Iam
400 2987 531 3054 pergere
554 2973 799 3057 inquisitionem
824 2979 968 3039 nostram
993 2974 1032 3038 de
1056 2970 1140 3052 σαρά
1160 2992 1233 3037 oum
1255 2975 1435 3058 genitivos

264 3081 370 3147 verbis
405 3085 564 3169 pendente
598 3086 709 3153 licebit
736 3090 778 3153 iis
810 3088 917 3153 verbis
943 3106 1026 3172 quae
1049 3087 1089 3151 ad
1112 3087 1255 3151 animum
1279 3088 1436 3153 translata

262 3197 438 3280 accipiendi
479 3202 641 3274 notionem
685 3202 812 3284 habent,
851 3222 892 3268 ex
928 3221 1066 3286 quorum
1103 3220 1238 3266 numero
1275 3201 1435 3286 imprimis

262 3307 379 3374 ἀκούειν
401 3317 433 3376 et
455 3311 611 3389 μανθάνειν
635 3317 835 3381 numeranda
856 3322 944 3381 sunt.

307 3424 398 3491 Sicut
431 3428 516 3512 apud
549 3428 629 3494 alios
665 3450 796 3516 quoque
828 3433 1000 3515 scriptores
1032 3432 1162 3515 saepius
1185 3429 1270 3515 apud
1295 3427 1433 3494 Dionem

262 3536 378 3603 ἀκοθειν
412 3564 443 3604 τι
480 3540 564 3622 οιαρά
594 3566 671 3617 τινος
703 3545 839 3629 legitur;
864 3544 1049 3610 Herodotus
1071 3546 1135 3608 iam
1160 3544 1330 3627 usurpavit
1351 3544 1434 3607 hano

262 3651 454 3718 locutionem
486 3655 573 3740 (VII.
607 3658 672 3742 14),
701 3658 906 3741 Thucydides
930 3661 1058 3742 saepius
1081 3658 1228 3723 adhibuit
1251 3659 1295 3743 (6,
1319 3661 1371 3742 91,
1396 3660 1433 3740 1;

264 3767 293 3848 6,
325 3769 376 3849 93,
408 3769 424 3832 1
458 3769 547 3854 aa),
577 3770 669 3836 Plato
693 3771 783 3856 (Rep.
808 3774 872 3836 506
898 3771 934 3856 O)
958 3771 1069 3836 habet:
1097 3772 1168 3852 παρ’
1192 3768 1295 3835 ἀλλων
1319 3770 1434 3836 ἀκούειν

265 3877 352 3960 Φανά
375 3905 410 3945 τε
432 3881 483 3946 καὶ
507 3881 602 3957 καλά,
627 3884 721 3969 Soph.
742 3884 832 3969 (Oed.
857 3885 893 3950 R.
918 3887 955 3966 ῖς
981 3885 1037 3968 95)
1061 3886 1144 3949 idem
1170 3885 1271 3951 habet.

308 3991 408 4059 Locos
432 3994 573 4061 Dioneos
598 3998 757 4082 dabimus,
780 4017 911 4084 nempe:

309 4109 361 4189 38,
386 4110 437 4191 37,
462 4112 497 4174 2;
524 4111 595 4191 παρ’
622 4111 702 4190 ὑμῶν
724 4111 881 4184 ἀκούοντες
904 4110 996 4176 αθτά.

310 4223 361 4304 56,
384 4224 436 4305 41,
463 4226 497 4287 1:
524 4225 595 4305 παρ’
619 4227 692 4304 ε’μοῦ
717 4226 794 4304 μόνα
816 4226 919 4291 ταῦτα
941 4225 1102 4300 ἀκηκοότες
1126 4225 1233 4292 ἔσεσθε.

309 4336 361 4418 61,
384 4337 414 4418 4,
438 4337 475 4399 5:
502 4331 549 4400 οἷά
574 4361 631 4402 που
656 4339 740 4420 παρά
763 4344 820 4404 τῶν
843 4342 981 4404 συνόντων
1005 4339 1126 4404 ἀκούων.

310 4452 366 4535 61,
392 4452 443 4534 11,
468 4451 503 4514 l:
528 4451 619 4528 μηδὲν
643 4454 727 4535 νιαρά
750 4454 873 4532 μηδενὸς
895 4452 1016 4518 ἀκούων.
