3400 5212
804 520 846 583 57

239 709 313 772 sitio
350 705 434 788 νοομὶ
466 707 610 791 genitivo
643 706 795 770 adiuncta
825 707 999 790 invenitur,
1029 706 1123 771 facile
1153 707 1346 771 inclinamus
1369 707 1430 790 ad,

239 820 494 885 emendationem
519 819 753 904 Pflugkianam‚
777 841 842 905 qua
866 844 899 884 π.
923 828 978 895 τῆς
1001 818 1102 899 τύχης
1124 821 1250 906 legitur.

285 933 433 999 Occurrit
456 953 534 999 sane
558 934 691 999 verbum
716 933 857 1014 εὑρίσκειν
869 954 943 999 cum
955 937 1190 1020 praepositione
1203 933 1288 1015 ποοροὶ
1301 935 1409 998 dativo

240 1047 392 1131 adhibito,
414 1049 470 1112 sed
493 1047 537 1112 ibi
561 1048 658 1132 (sicut
681 1050 715 1112 in
738 1050 842 1134 primo
866 1051 969 1133 capite
991 1049 1146 1135 vidimus)
1169 1049 1305 1114 localem
1317 1047 1411 1112 habet

240 1161 516 1246 significationem,
540 1181 623 1246 quae
646 1166 755 1227 nostro
778 1163 858 1256 loco
872 1182 943 1228 esse
966 1183 1031 1227 non
1056 1168 1167 1248 potest.

284 1274 323 1338 Iu
359 1275 493 1340 dialecto
524 1295 606 1360 quae
629 1277 710 1350 accub
735 1277 852 1341 dicitur
874 1278 1015 1341 activum
1038 1276 1130 1342 verbi
1154 1276 1240 1362 quod
1264 1282 1313 1342 est
1337 1275 1411 1357 εὑρί-

241 1413 322 1453 σκειν
345 1409 419 1453 cum
442 1389 676 1474 praepositione
700 1387 784 1469 ονοομὶ
807 1395 963 1474 sequente
987 1389 1412 1476 dativooccurrit31egimus

241 1505 327 1567 enirn
361 1505 396 1566 in
426 1501 533 1568 Lucae
556 1502 732 1586 Evangelio
757 1505 861 1588 capite
883 1505 986 1589 primo
1006 1523 1104 1569 versu
1128 1505 1308 1569 tricesimo:
1334 1501 1413 1584 εὗρες

242 1615 300 1696 γὰρ
337 1614 426 1696 χάριν
461 1614 545 1696 racd
580 1616 622 1696 νῷ
656 1616 730 1696 Θεῷ,
767 1617 887 1701 quibus
922 1618 1028 1682 verbis
1063 1618 1197 1702 angelus
1228 1618 1414 1702 adloquitur

242 1728 385 1794 Mariam.
421 1728 510 1794 Haec
545 1728 641 1794 verba
665 1730 847 1814 significare
872 1731 949 1794 mihi
973 1730 1139 1795 videntur:
1164 1730 1322 1795 Invenisti
1345 1732 1414 1795 sive

243 1848 336 1908 nacta
366 1863 401 1908 es
423 1845 558 1928 gratiam
582 1844 668 1926 apud
690 1841 805 1927 Deum,
829 1844 880 1909 vel
904 1845 990 1929 quod
1013 1844 1099 1909 idem
1123 1849 1171 1909 est
1194 1845 1254 1908 hoc
1276 1844 1357 1928 loco,
1379 1845 1413 1908 in

243 1959 345 2042 gratia
378 1976 412 2022 es
447 1957 533 2042 apud
567 1954 684 2021 Deum.
719 1957 834 2043 Itaque
869 1977 906 2023 eo
938 1977 1068 2043 quoque
1097 1959 1167 2023 loco
1190 1959 1323 2023 localem
1349 1956 1415 2023 fare

243 2070 508 2155 significationem
544 2072 651 2154 habet,
686 2089 883 2156 quamquam
918 2091 995 2138 sane
1029 2073 1235 2156 aliquatenus
1257 2074 1343 2137 inest
1364 2072 1415 2138 vis

244 2184 412 2269 separandi
434 2187 479 2249 ita
501 2190 537 2250 ut
559 2187 690 2250 accedat
712 2187 752 2250 ad
775 2187 1042 2271 praepositionem
1067 2185 1151 2266 παρὰ
1174 2205 1248 2251 cum
1273 2186 1415 2269 genitivo

244 2299 457 2363 coniunctam.
482 2297 642 2364 Omnibus
665 2303 770 2363 autem
794 2300 951 2384 exemplis
964 2301 1148 2384 perspectis,
1160 2291 1415 2364 emendationem

243 2411 383 2496 Pfluglrii
407 2411 447 2476 ad
470 2418 617 2476 nostrum
641 2413 747 2477 locum
771 2411 907 2477 libenter
931 2415 1116 2497 accipimus.

288 2523 433 2589 Verbum
468 2525 711 2605 ἐπουρίσκεοοοον,
743 2527 830 2610 quod
861 2527 1052 2611 plerumque
1074 2532 1291 2611 usurpaturo
1313 2527 1416 2610 poetis

245 2643 341 2724 atque
364 2640 404 2703 ab
427 2639 547 2705 Ionicis
566 2640 777 2726 scriptoribus
789 2639 996 2724 (Hippocrate
1008 2642 1165 2726 aliisque),
1177 2642 1275 2706 semel
1287 2661 1418 2726 quoque

245 2753 331 2838 apud
356 2750 501 2820 Cassium
526 2756 701 2837 invenitur,
724 2755 932 2818 coniunctum
957 2773 1030 2818 cum
1055 2757 1294 2840 praepositione
1315 2753 1415 2836 rapot3

246 2867 324 2932 haec
348 2872 425 2932 sunt
450 2868 546 2932 verba
570 2869 633 2952 (52,
658 2869 710 2950 12,
734 2869 781 2949 2):

235 3041 240 3049 ,
291 2983 354 3053 πᾶς
385 2980 442 3061 γάρ
472 3004 517 3055 τος
542 2980 633 3062 Φύσει
658 2981 710 3045 acl
735 2982 826 3054 αὐτὸς
848 2983 943 3062 ἑοοντῷ
967 2981 1095 3062 οὶρὲοκεν,
1115 2982 1246 3061 aripaldo
1269 3006 1298 3047 το
1321 2985 1418 3047 ἐννοου-

246 3092 343 3173 ρέσθοον
369 3094 452 3174 rapa
475 3098 527 3158 τοῦ
553 3094 651 3157 δοῦνοοο
676 3094 838 3173 δυναμένου
863 3094 1020 3173 βούλεται·
1042 3096 1292 3181 (Unusquisque
1303 3102 1419 3161 natura

245 3208 308 3272 sibi
343 3209 446 3293 placet
476 3213 573 3293 atque
599 3208 675 3272 boni
698 3209 822 3294 aliquid
846 3210 885 3273 ab
909 3229 946 3274 eo
972 3213 1029 3294 qui
1053 3211 1127 3275 dare
1150 3215 1263 3295 potest,
1286 3210 1418 3295 adipisci

245 3322 338 3406 vult).
369 3323 510 3407 Apparet
539 3329 648 3387 nostro
680 3324 750 3387 loco
775 3329 972 3408 quantopere
997 3322 1127 3390 Cassius
1151 3326 1419 3409 praepositionem

248 3434 331 3516 ποοροὶ
353 3437 564 3516 adamaverit;
591 3437 712 3521 ubique
730 3438 816 3501 enim
830 3437 963 3502 verbum
977 3437 1208 3518 ἐποινρίσκεοθοον
1221 3439 1313 3503 aliter
1324 3458 1418 3503 usur·

246 3555 349 3633 patur,
372 3551 441 3614 sive
464 3551 675 3614 coniunctum
699 3570 774 3614 cum
799 3553 1034 3635 praepositione
1056 3550 1118 3615 οὶννὸ
1142 3553 1212 3617 sive
1234 3571 1307 3616 cum
1332 3572 1419 3617 mero

246 3665 397 3747 genitivo.
432 3662 617 3728 Herodotus
649 3664 748 3728 semel
766 3669 852 3728 'usus
876 3669 925 3729 est
948 3665 1009 3728 hoc
1032 3664 1130 3730 verbo
1153 3667 1187 3728 in
1208 3666 1324 3729 malam
1347 3685 1415 3750 par·

247 3782 311 3842 tem
335 3776 477 3841 adhibito
501 3777 546 3860 (7,
571 3777 651 3841 180:
678 3774 767 3856 τοίχοο
790 3777 816 3840 δ’
841 3774 878 3840 ἄν
898 3801 928 3841 το
942 3777 993 3841 acl
1007 3781 1059 3841 τοῦ
1071 3777 1233 3855 οὐνόματος
1245 3776 1420 3859 ἐπαύροιτος

246 3889 383 3956 fortasse
406 3891 500 3954 etiam
524 3909 565 3954 ex
588 3891 719 3955 nominc
741 3890 883 3956 fructum
908 3892 1052 3976 ceperit),
1064 3892 1121 3956 ubi
1133 3893 1324 3976 praepositio
1338 3890 1422 3972 rapat

248 4003 392 4068 adhiberi
427 4006 482 4067 vix
517 4007 632 4088 potuit,
666 4005 819 4068 adiuncta
854 4003 1058 4070 substantivo
1088 4003 1258 4082 οὐνόματος.
1292 4004 1422 4070 Praeter
1534 4011 1538 4029 ²

248 4119 396 4203 exempla
430 4137 514 4202 quae
547 4117 633 4202 apud
668 4117 848 4183 Homerum
878 4120 1099 4200 inveniuntur,
1131 4119 1226 4183 laudo
1250 4119 1357 4184 locum
1381 4139 1421 4184 ex

248 4232 415 4296 Andocide
447 4230 513 4316 (Or.
549 4233 568 4294 2
600 4231 618 4314 ἕ
643 4232 694 4315 2);
721 4229 748 4294 εἴ
769 4255 800 4296 το
826 4232 907 4308 ὑμᾶς
929 4231 988 4312 χρὴ
1011 4232 1121 4309 aioaldo
1146 4233 1218 4310 ἐμοῦ
1242 4231 1421 4313 ἐποονρέσθοον

249 4346 292 4429 (si
324 4365 381 4409 vos
414 4350 538 4430 oportet
561 4344 684 4429 aliquid
708 4346 856 4411 utilitatis
880 4364 922 4410 ex
945 4365 997 4410 me
1020 4347 1187 4431 nancisci).
1211 4346 1422 4431 Hippocrates

251 4461 380 4544 saepius
405 4457 636 4539 ἐννοονρίσκεοθοοί
657 4457 690 4521 τί
710 4445 785 4532 τινος
807 4460 860 4524 vel
883 4458 946 4523 οὶπό
967 4483 1043 4533 τινος
1057 4465 1207 4545 usurpat3
1221 4460 1259 4525 of.
1272 4479 1297 4526 e.
1309 4481 1339 4546 g.
1351 4481 1423 4547 pag.

1306 4573 1323 4623 d
