3378 5222
816 559 856 625 11

127 831 129 835 Ι
252 754 341 821 ταῖς.
356 797 363 811 .
378 796 408 810 ..
446 746 571 820 πύλαις.
609 747 660 826 10,
697 748 752 809 16:
792 746 876 828 ταροὶ
911 753 972 820 τοῖς
1007 747 1174 827 οίτοτίμοις
1209 754 1264 822 τῆς
1300 748 1422 829 πέτρας.

251 862 483 946 Iosephus
507 863 608 940 (Antt.
635 863 663 941 l,
688 859 779 938 196),
805 857 961 940 ἐκαθέζετο
986 860 1071 941 ταροὶ
1090 870 1128 943 τῇ
1149 859 1237 945 ίιίρρ,
1251 862 1292 926 of.
1304 865 1334 944 8,
1348 863 1423 927 319.

252 976 538 1040 Plutarchus
563 971 641 1038 eim.
667 973 702 1036 i:
728 972 813 1053 ταρὰ
836 973 878 1053 τῷ
903 973 1050 1054 Στρυμόνι
1071 973 1191 1053 κειμὲνκ
1206 976 1347 1056 ποταμῷ.
1364 977 1421 1040 18:

253 1088 337 1170 ταρδι
359 1093 429 1161 ταῖς
452 1086 559 1150 ναυσίν.
584 1085 707 1151 Lucull.
733 1088 774 1149 2:
799 1086 884 1167 ταροὶ
908 1093 977 1160 ταῖς
1000 1085 1151 1163 ε’τοίλξεσι
1176 1091 1233 1152 τῶν
1259 1089 1421 1168 πολεμίων.

254 1204 311 1266 16:
339 1201 423 1282 ταρὰ
447 1205 517 1273 ταῖς
539 1197 647 1279 θύραις.
672 1197 746 1280 [aye.
772 1201 810 1262 l:
836 1199 920 1280 ταροὶ
945 1205 1014 1272 ταῖς
1037 1198 1144 1280 θύραις.
1170 1200 1260 1266 Dem.
1283 1202 1425 1276 3οετοὺς

254 1315 338 1396 νεαροὶ
372 1321 441 1388 ταῖς
475 1311 573 1393 ίιίραις
603 1318 734 1395 Θρᾷκας.
771 1312 1037 1378 Pausanias
1060 1315 1101 1396 (1,
1125 1317 1178 1396 21,
1202 1317 1251 1396 4),
1278 1315 1362 1396 ταροὶ
1386 1325 1423 1398 τῇ

253 1430 348 1510 κρήνη.
384 1429 621 1492 Arrianus
652 1425 733 1506 (Ind.
766 1427 818 1509 14,
842 1425 891 1505 7),
916 1425 949 1488 ai
974 1449 1007 1489 τ.
1032 1431 1107 1491 τοῖσι
1131 1425 1327 1508 κροτάφοισιν
1350 1430 1424 1493 οίνα-

255 1541 352 1607 τνοαί.
388 1543 636 1626 Appianas
660 1539 779 1618 (Mithr.
804 1541 862 1603 33:
889 1562 923 1602 τ.
949 1545 1012 1612 τοῖς
1036 1539 1172 1621 τείχεσι,
1200 1543 1278 1606 121:
1303 1542 1425 1623 Ἰβήρων

254 1659 311 1720 τῶν
335 1679 369 1719 τ.
394 1655 525 1730 στήλαις
548 1651 756 1733 Ἡρακλείοις).
780 1652 819 1716 Ιι]
852 1651 979 1716 Novo
1002 1653 1303 1720 Testamento
1326 1657 1425 1721 semel

254 1771 348 1834 modo
371 1787 538 1833 occurrero
562 1768 688 1831 videtur
711 1785 827 1850 nempe
849 1769 884 1829 in
908 1765 1031 1850 uvang.
1053 1767 1164 1831 Ioaan.
1188 1768 1238 1850 19,
1250 1770 1309 1832 25:
1324 1769 1425 1844 εἱστί-

254 1908 355 1948 κεισαν
390 1882 474 1963 σαροὶ
509 1881 551 1960 τῷ
585 1880 713 1960 στανρῷ.
749 1879 1087 1946 Philostratus
1118 1901 1249 1965 quoque
1279 1883 1426 1948 adhibuit

253 2016 327 2061 eum
353 2016 448 2086 usum
473 1997 551 2074 (vita
574 1996 635 2078 Ap.
659 1996 711 2073 28,
737 1995 796 2056 13:
822 2015 856 2055 τ.
882 1997 952 2065 ταῖς
975 1990 1102 2072 ὄχθαις).

298 2111 455 2194 Iosephus
485 2111 579 2173 etiam
612 2109 647 2171 in
670 2107 767 2171 rebus
791 2107 943 2171 inanimis
968 2126 1051 2190 quae
1072 2108 1250 2172 abstractae
1273 2109 1426 2173 dicuntur
1519 2130 1523 2136 ’

254 2226 352 2289 huius
376 2209 457 2288 usus
479 2221 795 2306 exempla-praebet:
819 2224 862 2301 (4,
887 2221 969 2284 25οε
995 2221 1079 2300 ταρὰ
1102 2229 1140 2303 τῇ
1162 2221 1307 2303 διαθέσει,
1322 2227 1351 2307 5,
1365 2226 1424 2287 95ε

256 2337 340 2418 παρὰ
361 2345 399 2419 τῇ
422 2333 557 2419 διανοίᾳ).

297 2450 470 2516 [Ἰκονίου]
495 2451 633 2534 perspici
657 2450 759 2533 possit
782 2468 879 2532 quam
903 2447 1088 2531 frequenter
1109 2448 1239 2514 Cassius
1252 2449 1313 2514 Dio
1326 2471 1422 2516 usum

254 2568 294 2631 de
335 2584 400 2650 quo
442 2583 547 2629 sermo
590 2568 638 2627 est
679 2562 870 2643 adhibuerit,
913 2561 1062 2626 dabimus
1097 2563 1185 2627 looos
1221 2583 1302 2648 quos
1336 2566 1425 2630 iuve-

254 2682 380 2744 nimus:

297 2798 337 2874 ο).
360 2791 502 2858 Nomina
523 2790 727 2874 templorum,
751 2791 844 2854 iuxta
866 2808 950 2874 quae
974 2790 1125 2873 quidest
1149 2790 1200 2854 vel
1223 2789 1276 2854 iit:

300 2905 445 2990 Ὀμονοίρ
469 2904 540 2984 παρ’
565 2901 602 2985 ᾖ.
617 2951 624 2966 .
638 2950 668 2966 ..
694 2902 901 2981 βονλενόμεία
924 2903 978 2984 46,
1001 2906 1054 2984 28,
1079 2905 1116 2983 3,
1163 2967 1166 2973 ,

301 3020 385 3101 ταρὰ
407 3019 449 3099 τῷ
472 3016 590 3097 Ἐννείιρ
616 3019 667 3099 71,
691 3020 743 3100 33,
768 3019 805 3096 3,

301 3134 371 3214 παρ’
396 3132 479 3211 αὐτῷ
501 3131 553 3210 τρί’
577 3129 709 3211 Τνχαίῳ
732 3132 785 3213 43,
809 3131 861 3212 21,
886 3132 913 3193 1.

298 3248 335 3328 ὁ).
356 3246 497 3312 Nomina
522 3245 651 3310 urbium
676 3245 874 3308 similiumve
896 3244 1059 3309 locorum:

300 3360 432 3441 Μουτίνῃ
457 3383 492 3424 τ.
518 3357 537 3441 ᾖ
548 3407 555 3421 .
570 3406 577 3421 .
593 3406 622 3422 ..
648 3357 846 3438 ἐμαχέσαντο
868 3359 921 3441 46,
946 3360 997 3441 33,
1021 3362 1060 3440 4,

299 3475 341 3540 τοὶ
363 3471 562 3552 Γαογοίμκλα
586 3496 621 3537 τ.
646 3467 774 3546 aiam.
800 3471 915 3546 ἐνίκησε
939 3473 992 3555 68,
1016 3473 1068 3556 26,
1091 3471 1145 3553 4¹3

301 3613 335 3653 τ.
359 3597 397 3671 τῇ
423 3588 507 3671 Θήρᾳ
530 3595 568 3669 τῇ
592 3587 667 3667 νήσῳ
692 3586 744 3668 60,
769 3587 821 3668 29,
846 3587 897 3666 71,

301 3727 336 3766 τ.
361 3704 402 3782 τῷ
425 3700 575 3780 Παγγαίῳ
598 3697 651 3763 καί
676 3722 711 3763 τ.
737 3699 778 3778 τῷ
802 3697 957 3779 Σνμβδλῳ
980 3699 1033 3782 47,
1056 3701 1108 3782 35,
1133 3701 1169 3778 3,

302 3841 337 3880 τ.
361 3815 404 3896 τῷ
427 3813 483 3896 ίρει
506 3816 560 3896 42,
584 3816 613 3896 5,
637 3814 676 3890 6;

301 3930 334 3994 τὸ
356 3933 463 4010 τεῖχος
487 3951 521 3992 τ.
546 3923 566 4007 ᾧ
590 3925 797 4006 ἐδυστύχησεν
822 3927 875 4009 37,
898 3929 952 4009 48,
977 3929 1004 3990 1.

300 4047 335 4126 ο).
358 4043 498 4108 Nomina
519 4041 695 4106 fluviorum
719 4043 825 4105 omnis
847 4042 993 4126 generis:

301 4181 336 4221 τ.
361 4156 443 4235 αὐτῷ
464 4155 507 4236 τῷ
531 4153 618 4235 Ῥιίνιρ
643 4156 696 4237 54,
718 4156 770 4237 33,
793 4157 831 4235 4,

302 4296 337 4336 τ.
361 4271 404 4352 τῷ
428 4268 565 4350 Τιβέριδι
588 4270 643 4351 47,
665 4269 719 4351 40,
742 4270 779 4349 2,
804 4269 858 4350 48,
882 4269 935 4350 43,
958 4270 996 4347 4,

300 4408 334 4450 τ.
358 4394 396 4468 τῇ
421 4381 578 4462 Λεμμνίνιρ
601 4380 693 4463 λίμνῃ
719 4382 771 4465 39,
794 4383 824 4464 5,
847 4384 885 4462 2,

303 4522 337 4563 τ.
362 4497 404 4580 τῷ
427 4496 540 4576 ὠκεανῷ
566 4497 619 4579 75,
645 4496 695 4577 13,
718 4496 756 4576 3,
779 4493 833 4575 77,
859 4496 908 4578 14,
934 4495 972 4575 3,
