3400 5212
848 503 890 567 64

330 689 383 770 42,
408 688 523 771 49,1;
551 687 656 752 πολλοὶ
681 689 832 768 χρήματα
858 713 891 752 α.
918 695 1038 754 παντων
1060 689 1200 768 ἐκλέγων.
1301 772 1304 780 ,

331 801 384 884 66,
407 803 437 886 8,
462 803 498 864 3:
527 800 634 865 πολλοὶ
658 803 713 884 (ac.
737 781 900 886 χρήματα)
927 826 961 866 τ.
987 804 1085 866 αὐτῶν
1109 801 1239 878 ἐξέλεξε.

330 915 430 1000 Apud
453 915 672 997 Thucydidem
696 919 738 999 (8,
761 919 814 1000 44,
826 919 869 1000 4),
881 915 1132 982 Demosthenem
1147 919 1211 1002 (19,
1224 919 1312 1003 293),
1324 919 1457 984 Aeschi-

287 1047 360 1092 nem
392 1028 433 1110 (1,
465 1029 539 1110 119)
563 1030 673 1094 eadem
697 1031 894 1095 constructio
918 1033 1065 1096 occurrit.
1090 1031 1194 1096 Aliter
1216 1032 1302 1116 apud
1324 1029 1458 1096 Demos·
1501 1067 1503 1074 ‚

288 1142 416 1206 thenem
451 1142 516 1224 (49,
547 1143 619 1221 49);
645 1143 689 1206 ἐκ
713 1146 770 1206 τῶν
794 1140 970 1222 σνμμνέχον
994 1150 1025 1209 et
1048 1147 1193 1229 saepius:
1219 1164 1303 1229 quae
1325 1165 1457 1230 praepo·

289 1255 361 1320 sitio
385 1259 589 1339 exspectatur
611 1263 682 1340 post
705 1257 840 1322 verbum
864 1256 1021 1334 ἐκλέγειν
1032 1286 1041 1331 ;
1054 1255 1128 1323 cum
1142 1259 1264 1343 duplici
1276 1261 1458 1347 accusativo

288 1369 373 1452 apud
407 1369 601 1434 Aeschinem
637 1368 683 1454 (3,
719 1370 814 1454 113);
850 1370 875 1432 οἱ
899 1369 1004 1450 Λοκροὶ
1030 1370 1104 1444 τέλν
1130 1371 1199 1444 τοὺς
1223 1371 1460 1445 καταπλέοντας

290 1479 439 1559 ἐξέλεγον.
1168 1502 1171 1510 ’

334 1596 478 1661 Verbum
513 1598 609 1661 σνλσῖν
644 1596 810 1682 (spoliare)
844 1604 1035 1683 usurpatum
1066 1605 1114 1666 est
1144 1595 1181 1665 in'
1199 1602 1251 1683 63,
1275 1601 1327 1684 26,
1350 1604 1380 1683 4,
1404 1601 1460 1666 ubi

290 1709 403 1775 acerbe
427 1710 466 1774 de
490 1713 626 1794 pecunia
650 1731 714 1795 qua
738 1712 891 1796 templum
915 1718 1118 1778 exstructum
1144 1721 1192 1780 est
1216 1716 1350 1779 dicitur:
1378 1713 1461 1795 σασα

291 1827 347 1887 τῶν
380 1826 527 1900 γυναικῶν
563 1822 735 1896 ἐσεσύλητο.
767 1824 1011 1911 Nonnunquam
1036 1847 1110 1892 oum
1135 1828 1254 1912 duplici
1278 1831 1461 1893 accusativo

291 1939 441 2020 occurrit,
464 1936 554 2000 velut
576 1937 662 2021 apud
686 1935 934 2003 Demosthenem
960 1942 1000 2023 (p.
1024 1939 1098 2023 616,
1123 1941 1193 2023 let:
1298 1981 1300 1988 ι

336 2049 390 2124 τὴν
413 2049 472 2114 θεὸν
494 2048 563 2122 τοὺς
586 2047 756 2130 στεφάνους
780 2051 965 2124 σεσυλήκασο
989 2052 1038 2135 (ef.
1062 2073 1091 2138 p.
1118 2053 1191 2136 756,
1215 2055 1285 2136 39),

335 2163 533 2248 Praepositio
568 2161 653 2243 παρὰ
687 2165 747 2229 hoe
782 2184 914 2249 quoque
947 2166 1017 2230 loco
1041 2168 1218 2232 rectissime
1240 2167 1383 2231 adhibita
1405 2171 1463 2250 ast,

293 2280 368 2363 quia
402 2277 443 2357 τῷ
480 2278 575 2341 σνλέον
607 2301 637 2340 τι
663 2276 746 2358 rapui
770 2302 846 2350 τινος
869 2298 920 2344 res
945 2300 1009 2364 qua
1033 2282 1107 2364 quis
1131 2281 1286 2364 spoliatur
1309 2300 1327 2346 e
1350 2283 1462 2345 vicini-

291 2397 356 2457 tate
379 2392 468 2456 illius
491 2409 647 2476 personae
668 2398 861 2457 removetur.
1162 2463 1165 2471 ,

336 2506 505 2570 Passivum
541 2525 645 2589 genus
677 2508 722 2570 ita
757 2506 928 2571 adhibetur
962 2514 998 2572 ut
1031 2527 1083 2573 res
1118 2529 1183 2592 qua
1214 2511 1288 2593 quis
1319 2510 1463 2593 privatur

292 2621 476 2684 accusativo
512 2621 711 2703 exprimatur
735 2639 802 2703 eg.
826 2619 916 2685 Dem.
941 2623 984 2704 (p.
1010 2622 1083 2703 931,
1107 2621 1181 2705 21);
1207 2621 1399 2699 σεσυλήμεθα
1421 2621 1473 2716 τοὶΙ

293 2731 412 2813 ἡμέτερ’
450 2734 548 2796 αὐτῶν
584 2733 642 2796 ὑπὸ
674 2732 795 2807 τούτων,
819 2733 930 2818 Eurip.
955 2735 1079 2818 (Troad.
1105 2735 1199 2819 79l):
1225 2735 1386 2813 συλώμεθα
1410 2736 1462 2808 τὴν

294 2845 402 2925 ψυχὴν
437 2846 543 2919 ἀδίκως
575 2847 676 2928 μήτηρ
706 2847 802 2925 κάγώ,
826 2847 921 2932 Soph.
945 2848 1041 2932 (Phil.
1066 2849 1164 2932 413);
1190 2849 1221 2912 οὐ
1245 2848 1303 2928 γὰρ
1326 2845 1363 2912 ἄν
1388 2871 1463 2912 ποτε

294 2958 402 3039 ζῶντές
425 2960 455 3037 γ’
481 2959 590 3024 ἐκείνου
616 2962 707 3024 ταῦτ’
732 2962 875 3036 ἕννλήένν
898 2962 966 3040 ἐγώ,
991 2963 1089 3027 Isocr.
1113 2968 1154 3047 (p.
1178 2963 1305 3042 ll9d):
1327 2962 1465 3060 συλαθεὶς

293 3072 353 3154 γαρ
377 3075 531 3155 Ἡρακλῆς
554 3074 612 3148 τοὶς
636 3075 773 3153 βοῦς...
789 3123 796 3139 .

338 3187 418 3253 Cum
453 3190 637 3253 accusativo
671 3208 827 3272 personae
861 3195 893 3254 et
926 3191 1069 3273 genitivo
1106 3192 1154 3254 rei
1189 3191 1330 3254 occurrit
1360 3190 1464 3254 activo

293 3321 410 3387 genere
433 3303 519 3386 apud
541 3301 728 3386 Euripidem
752 3301 837 3387 (Hel.
862 3303 956 3387 669):
983 3302 1028 3376 τίς
1051 3302 1109 3383 pap
1133 3328 1166 3367 σε
1190 3302 1333 3382 δαέμυνῆ
1349 3301 1465 3380 πότμος

294 3422 376 3499 συλᾷ
401 3414 539 3497 ποέτραςς

338 3530 463 3596 Deinde
493 3530 590 3595 verba
624 3531 838 3616 eligendi
873 3533 1092 3597 enumeranda
1116 3533 1285 3613 videntur3
1311 3533 1375 3596 duo
1396 3539 1465 3596 tan-

294 3650 364 3708 tum
398 3647 510 3709 inveni
544 3665 618 3708 oum
652 3647 885 3728 praepositione
910 3645 993 3725 παρα
1016 3648 1198 3730 coniuncta,
1221 3665 1335 3729 nempe
1359 3644 1464 3709 ε’σνλέ-

295 3757 399 3835 νεσέσα
435 3757 540 3839 (Med.)
571 3763 668 3842 atque
699 3757 832 3836 ἐκλέγειν
857 3759 957 3838 (Pass.
980 3757 1177 3839 ἐκλέγεσθαι).
1199 3761 1394 3825 Accuratius
1417 3761 1466 3824 in·

296 3873 481 3956 spiciendus
505 3877 553 3937 est
576 3873 667 3936 locus
693 3891 757 3957 quo
782 3873 923 3938 medium
948 3874 1104 3937 occurrit:

342 3986 392 4067 52,
429 3986 479 4068 19,
513 3987 551 4048 2;
587 3983 656 4057 τοὺς
691 3984 915 4065 αρίστονς....
948 3982 1154 4062 οὶντεοοέγαγε,
1179 3984 1222 4062 μέν
1247 3985 1333 4064 μόνον
1355 3987 1388 4049 έκ
1413 3993 1467 4059 τῆς

296 4098 433 4171 Ἰταλίας
470 4097 558 4162 ἄλλα
581 4097 633 4162 καὶ
659 4097 742 4178 παρὰ
765 4103 820 4162 τῶν
844 4096 1042 4177 συμμάχων.
1058 4147 1065 4163 .
1079 4144 1109 4162 ..
1133 4096 1362 4176 έπελεξοέμενος,
1388 4119 1467 4184 quo-

296 4215 383 4276 niam
398 4215 449 4295 52,
462 4214 514 4295 40,
529 4214 545 4275 1
562 4213 696 4278 verbum
710 4213 904 4290 ἐπιλέγεσθαι
918 4232 992 4276 cum
1005 4215 1243 4296 praepositione
1266 4215 1309 4276 ἐκ
1333 4216 1467 4278 coniun-

297 4327 402 4409 gitur:
438 4349 472 4388 σε
503 4327 535 4388 ἐκ
569 4324 688 4390 παντων
720 4323 898 4400 ἐπελέξατο.
923 4323 1008 4402 Quid
1031 4328 1160 4391 intersit
1183 4329 1268 4392 inter
1291 4333 1468 4412 utrumque

297 4441 415 4522 locum,
449 4445 545 4524 patet.
575 4441 686 4506 Priore
710 4442 779 4505 loco
804 4441 842 4505 de
865 4441 1025 4506 industria
1048 4440 1178 4506 Cassius
1202 4440 1263 4506 Dio
1283 4443 1468 4527 praepositi-
