3378 5222
876 471 917 536 10

309 651 344 728 ἐξ
378 653 499 734 Ἡραίου
533 654 637 728 τόλιος
671 661 726 728 τῆς
759 654 844 736 ταρόι
876 655 1008 737 Περίνόῳ.
1033 657 1128 721 ibid:
1153 655 1309 721 όοίλασσαν
1333 656 1386 729 τδν
1411 658 1483 739 παρ’

309 763 388 846 Λίνῳ
412 766 495 830 τόλι.
524 768 578 832 VI.
604 769 664 833 69:
684 769 717 832 ἐκ
741 772 793 833 τοῦ
815 769 917 851 ἡρωίου
942 774 994 834 τοῦ
1019 769 1103 850 σαρόι
1127 779 1196 851 τῇσι
1221 767 1329 849 όόρῳσι.
1343 769 1385 832 IL
1401 771 1481 834 13οε

309 881 490 958 όνμιιίματα
515 881 586 963 παρ’
610 883 690 965 αὐτῇ
714 893 768 965 (so.
792 893 830 966 τῇ
854 881 956 965 ξυλίνῳ
981 881 1048 964 βοῒ)
1071 881 1282 962 καταγίζουσι.

353 995 452 1079 Apud
486 995 612 1060 Atticos
647 997 819 1081 scriptores
854 1015 927 1061 raro
961 1003 1094 1082 quoqne
1122 997 1288 1060 invenitur
1318 997 1370 1060 hio
1393 1015 1483 1077 usus,

307 1107 511 1192 frequentius
534 1114 640 1174 tamen
666 1131 762 1194 quarn
788 1111 874 1195 apud
898 1117 1022 1176 eeteros
1035 1111 1121 1194 apud
1144 1109 1484 1191 Thucydidem,

309 1241 351 1286 ex
385 1242 451 1306 quo
485 1223 564 1288 haeo
598 1225 747 1308 exempla
782 1225 955 1289 laudantur
978 1245 996 1289 e
1021 1226 1091 1288 viro
1117 1196 1267 1288 docto'll.
1289 1222 1330 1286 H.
1355 1221 1424 1286 Rau
1449 1223 1482 1284 in

312 1334 558 1420 „Disputatione
593 1338 633 1402 de
664 1357 727 1402 nsn
751 1339 996 1422 praepositionis
1019 1336 1124 1417 σαρό”
1148 1335 1247 1420 (Onrt.
1271 1336 1360 1402 Stnd.
1388 1337 1485 1416 187ορ

309 1469 381 1533 pag.
404 1450 464 1514 36:

353 1561 395 1626 Π.
418 1564 471 1639 43,
495 1566 532 1626 2;
558 1565 574 1637 ἡ
599 1560 673 1638 δόξα
696 1563 795 1627 αὐτῶν
821 1564 905 1644 παρὰ
929 1565 971 1644 τῷ
995 1563 1153 1644 ἐντυχόντι
1177 1561 1225 1627 niel
1249 1560 1300 1626 καί
1320 1562 1411 1640 λόγου
1431 1560 1483 1626 καί

310 1674 394 1755 ἔργου
429 1677 519 1757 καιρῷ
553 1675 734 1756 ἀείμνηστος
764 1677 1004 1743 καταλείπεται.
1028 1678 1070 1743 Π.
1095 1681 1147 1759 89,
1172 1678 1208 1742 9;
1233 1675 1375 1741 εὔτακτοι
1401 1674 1485 1756 παρὰ

310 1795 380 1861 ταῖς
402 1787 489 1854 ναυσὶ
513 1789 658 1869 μένοντες.
684 1790 757 1855 VII.
783 1793 835 1873 80,
860 1795 895 1856 5:
918 1792 1022 1866 ἐπειδὴ
1043 1792 1173 1870 γίνοιντο
1192 1791 1329 1871 ταρὰτῷ
1342 1790 1483 1869 σοταμῷ.

309 1903 333 1966 Ι.
369 1904 421 1982 28,
452 1906 490 1966 2;
516 1903 603 1977 δίκας
626 1903 728 1980 ἤόελον
752 1905 849 1969 δοῦναι
875 1905 959 1985 ταρὰ
983 1905 1117 1979 πόλεσιν,
1141 1901 1190 1978 αίς
1211 1902 1334 1968 όιν....
1359 1899 1483 1981 ξυμβῶ-

289 2040 362 2101 loru.
399 2015 525 2093 Quibus
553 2019 628 2082 addi
652 2025 805 2102 possunt:
832 2018 870 2082 V.
895 2019 947 2101 26,
972 2021 1009 2083 5:
1034 2018 1180 2099 γενομένῳ
1204 2018 1276 2098 παρ’
1301 2015 1484 2097 ἀμφοτέροις

309 2137 371 2204 τοῖς
395 2129 560 2210 τροίγμασι
585 2138 616 2196 et
642 2131 730 2196 VIII.
756 2135 807 2213 95,
831 2136 869 2196 4:
896 2132 980 2212 ταρόι
1004 2139 1075 2205 ταῖς
1097 2131 1183 2196 ναυσὶ
1207 2130 1277 2203 τοὺς
1296 2130 1484 2210 στρατιώτας

310 2239 392 2308 εἶναι.
420 2281 461 2291 -
497 2245 536 2308 In
560 2247 655 2310 tertio
678 2247 826 2331 exemplo
850 2246 981 2311 laudato
1004 2246 1078 2310 VII.
1101 2247 1153 2322 80,
1177 2248 1196 2309 5
1220 2247 1368 2310 codicum
1392 2244 1485 2308 lectio

311 2357 396 2437 παρὰ
420 2378 438 2422 e
462 2358 574 2423 multis
599 2358 775 2425 editoribus
787 2361 820 2422 in
834 2357 887 2422 ἐπὶ
901 2365 1023 2423 mutata
1035 2366 1083 2424 est
1096 2363 1203 2442 (quam
1216 2360 1483 2442 praepositionem

309 2472 440 2555 praebet
464 2471 567 2536 codex
591 2470 780 2552 Vaticanus)
804 2492 868 2555 qua
892 2473 1070 2536 mutatione
1092 2491 1157 2535 non
1171 2491 1253 2555 opus
1266 2490 1337 2536 esse
1350 2473 1485 2552 videtur,

310 2588 387 2670 quia
418 2587 546 2669 saepius
570 2585 657 2669 apud
681 2591 829 2651 anotores
852 2588 972 2650 looutio
998 2585 1083 2666 σαρδ
1106 2586 1147 2666 τῷ
1172 2585 1303 2680 ποταμῷ
1328 2587 1482 2664 occurrit:

310 2704 461 2784 quartum
486 2700 672 2784 exemplum
685 2699 709 2763 Ι.
722 2702 774 2782 28,
788 2702 807 2762 2
822 2719 1032 2784 personarum
1045 2702 1201 2780 (πολιτῶν)
1213 2700 1414 2784 perspicuam
1429 2699 1484 2763 dat

308 2814 492 2892 notionem:
518 2814 557 2877 de
581 2814 697 2877 ceteris
721 2814 878 2897 exemplis
901 2815 982 2878 nihil
1006 2815 1161 2897 estquod
1181 2811 1485 2878 addamusDeinde

307 2929 495 2991 invenimus
521 2927 607 3010 apud
630 2925 992 2992 Demosthenem
1017 2946 1042 2992 e.
1066 2948 1095 3011 g.
1119 2929 1153 2990 in
1178 2925 1230 2990 Or.
1256 2928 1308 3007 23,
1334 2927 1394 2989 71:
1415 2923 1485 2997 τοὺς

310 3040 395 3120 ταρόο
418 3038 514 3121 τούτῳ
539 3039 644 3117 νόμους
657 3039 868 3121 παραβαίνειν,
884 3042 939 3106 ubi
951 3041 1108 3105 voeabula
1121 3038 1206 3121 σαρόι
1218 3038 1314 3120 τούτῳ
1326 3041 1485 3124 pertinere

309 3155 460 3220 videntur
494 3156 535 3220 ad
570 3153 605 3218 τό
641 3151 693 3218 tul
726 3153 896 3235 Παλλαδίῳ
927 3154 1124 3234 δικαστήριον,
1149 3156 1194 3220 ita
1216 3162 1252 3219 ut
1275 3172 1483 3239 personarum

308 3269 396 3332 notio
429 3269 537 3333 inesse
565 3272 715 3352 appareat
739 3269 794 3349 (so.
817 3274 879 3340 τοῖς
903 3267 1092 3348 δικασταῖς);
1118 3269 1204 3351 apud
1239 3267 1483 3332 Platonem

309 3383 387 3447 haec
419 3381 598 3446 hebemus:
631 3380 767 3445 Phileb:
786 3383 828 3444 42
854 3384 901 3445 A:
925 3384 977 3444 τοῦ
1002 3381 1074 3461 παρ’
1100 3381 1209 3454 αὐταῖς
1231 3383 1286 3463 (so.
1310 3378 1427 3453 λύσαις
1450 3404 1485 3445 τε

309 3494 361 3560 καὶ
392 3494 519 3575 ἡδοναῖς)
552 3493 744 3572 ταόιίματος.
772 3494 899 3579 Proteg.
925 3497 988 3559 337
1014 3494 1057 3558 B:
1085 3493 1169 3574 ταρὰ
1193 3500 1262 3567 ταῖς
1284 3498 1423 3574 ψυχαῖς,
1449 3493 1485 3558 Io

310 3611 392 3673 535:
417 3607 502 3689 ταρὰ
513 3613 576 3681 τοῖς
589 3604 764 3688 σροίγμασι.
790 3607 825 3672 Χ
838 3628 856 3673 e
869 3628 889 3672 n
903 3628 922 3672 o
935 3628 955 3693 p
968 3609 1053 3673 hon
1078 3627 1209 3692 quoque
1221 3608 1366 3671 adhibet:
1380 3608 1485 3671 Anah.

249 3791 252 3798 ,
309 3722 340 3804 6,
374 3724 405 3805 2,
434 3724 472 3785 2;
506 3719 590 3803 παροδ
621 3728 750 3801 τιό...
777 3721 949 3802 Χερρονήσῳ.
978 3721 1007 3802 7,
1031 3723 1060 3801 2,
1085 3723 1145 3783 24:
1172 3719 1213 3784 τοὶ
1238 3718 1322 3800 παρὰ
1344 3719 1484 3801 όαλοίττρ

311 3833 418 3915 χωρία.
443 3834 561 3900 Oecon.
584 3835 636 3917 20,
662 3835 720 3898 18:
747 3832 831 3913 ταρόο
851 3834 968 3915 κρήναις
988 3832 1226 3911 οὶναταυόμενος.
1251 3832 1485 3914 Polybius

309 3950 397 4013 huno
432 3968 528 4013 usum
565 3946 719 4033 praebere
754 3966 818 4010 non
856 3948 984 4011 videtur
1013 3948 1078 4011 nisi
1102 3951 1132 4028 2,
1157 3948 1186 4028 5,
1210 3947 1246 4012 5:
1267 3944 1317 4010 τὸν
1341 3944 1425 4026 σαρόι
1447 3955 1484 4026 τῇ

310 4059 397 4126 πόλει
423 4059 572 4139 ποταμόν.
596 4061 664 4124 Alii
686 4062 860 4144 scriptores
884 4061 941 4144 qui
964 4062 1017 4125 usi
1041 4064 1119 4125 sunt
1142 4059 1277 4123 dialecto
1301 4079 1384 4142 qnae
1408 4063 1485 4126 dioi-

310 4182 364 4241 tur
397 4175 475 4249 κοινὴ
512 4175 780 4260 praepositionem
815 4172 899 4254 σαρόι
930 4192 1003 4238 oum
1027 4173 1135 4237 dativo
1155 4173 1203 4235 rei
1226 4172 1387 4238 inanimae
1410 4195 1484 4239 oon-

309 4292 452 4355 innotam
477 4290 528 4353 hio
552 4290 619 4352 illio
642 4287 877 4367 adhibuerunt3
892 4306 917 4351 e.
930 4309 960 4371 g.
985 4285 1252 4367 Dionysius
1275 4285 1308 4351 H
1319 4308 1338 4352 a
1350 4290 1360 4352 l
1373 4289 1384 4351 i
1396 4308 1414 4351 o
1425 4309 1444 4353 a
1455 4309 1485 4352 r-

309 4423 398 4469 nus.
418 4406 448 4487 4,
472 4404 525 4486 64,
549 4403 585 4465 5:
612 4401 696 4482 σαρόι
721 4407 790 4474 ταῖς
816 4400 916 4482 όόραις
939 4401 1034 4479 (idom
1059 4401 1087 4462 b.
1114 4399 1142 4482 7,
1166 4399 1205 4479 3).
1232 4398 1261 4481 9,
1286 4401 1386 4484 24,4;
1401 4401 1485 4482 ταρὰ
