3378 5212
844 494 907 557 148

289 680 360 761 παρ’
396 677 425 744 ἓν
459 679 631 758 ποίλανσμα
666 677 776 761 έδραμε
810 682 903 754 ννκοῖν,
941 680 1142 744 simillimum
1166 680 1350 764 exemplum
1375 681 1462 764 apud

287 793 424 859 Dionem
449 793 714 875 chrysostomum
729 794 775 878 (9,
789 815 817 878 p.
834 795 893 858 141
908 793 969 878 D):
984 794 1056 873 παρ’
1069 789 1098 857 έν
1110 793 1195 872 μόνον
1208 794 1299 872 βῆμα
1312 791 1461 872 εὐδαίμων

287 907 423 986 γέγονας,
447 909 532 992 apud
555 908 684 973 Isaeum
707 905 755 994 (3.
781 905 856 994 37):
882 931 915 972 π.
936 907 1085 988 τέτταρας
1105 909 1230 989 ψήφους
1249 906 1387 988 μετέσχε
1405 913 1461 981 τῆς

288 1020 414 1094 πόλεως,
450 1022 535 1105 apud
566 1021 813 1086 Demosthenem
838 1020 909 1109 (24,
934 1019 1031 1108 138):
1057 1045 1092 1085 π.
1117 1019 1226 1099 ὀλίγας
1249 1022 1374 1102 ψήφους
1397 1022 1459 1086 ἐτν-

286 1135 418 1212 μνίσατε,
453 1134 521 1219 (23,
557 1135 652 1219 205);
691 1158 724 1198 π.
761 1141 839 1215 τρεῖς
873 1135 1007 1216 οἰφεῖσαν
1042 1135 1165 1216 ψήφους
1199 1134 1233 1199 τὸ
1267 1135 1309 1212 μὴ
1345 1133 1459 1216 ίανοίτῳ

285 1244 447 1327 ζημιῶσαι,
481 1250 567 1333 apud
603 1249 794 1313 Plutaohum
825 1247 930 1332 (Dem.
957 1248 1029 1333 15):
1053 1270 1086 1311 π.
1111 1246 1272 1327 τρνοίκοντα
1296 1247 1389 1326 μόνας
1410 1249 1460 1313 τὸν

285 1359 434 1440 Αἰσχίνην
456 1363 636 1444 ἀποφυγεῖν.
663 1361 706 1426 Of.
731 1382 862 1446 quoque
881 1365 915 1425 in
935 1360 1016 1425 Nov.
1035 1361 1116 1427 Test
1130 1363 1182 1443 (ad
1194 1361 1263 1426 Cor.
1277 1382 1324 1446 ep.
1336 1362 1377 1426 II.
1391 1382 1459 1447 cap.

288 1477 340 1560 11,
371 1478 441 1557 24ίε
475 1475 530 1539 ὑπὸ
553 1474 701 1540 Ἰουδαίων
725 1474 872 1548 πενποίκνς
896 1472 1116 1556 τεσσεράκοντα
1140 1475 1224 1556 παρα
1249 1473 1323 1553 μίαν
1347 1473 1459 1554 έλαβον

285 1597 315 1671 (a
345 1590 474 1655 Iudaeis
509 1591 683 1673 quinquies
719 1590 941 1673 quadragenas
975 1595 1100 1673 praeter·
1134 1609 1242 1672 unam,
1265 1589 1299 1652 id
1323 1597 1371 1654 est
1394 1611 1459 1655 una

285 1711 427 1788 excepta,
460 1705 589 1788 accepi),
623 1710 654 1768 et
687 1704 774 1788 apud
804 1703 952 1767 Flavium
975 1703 1148 1786 Iosephum
1172 1704 1273 1783 (Antt
1296 1704 1327 1786 4,
1351 1705 1383 1788 8,
1410 1704 1457 1785 lt:

286 1823 342 1882 τῶν
365 1817 397 1882 δέ
417 1815 631 1898 τετταράκοντ’
652 1818 724 1880 ε’τῶν
744 1816 828 1897 παροδ
847 1814 990 1897 τρνοίκονί
1011 1815 1123 1895 ἡμέρας
1142 1816 1457 1897 συμπεπληρωμένων.

329 1930 378 1996 De
400 1932 470 1996 loco
493 1931 700 2012 Thucydideo
724 1931 767 2013 (8,
791 1933 844 2014 29,
868 1932 917 2011 2t:
942 1925 1021 2007 ὅμως
1044 1929 1076 1993 δέ
1097 1953 1132 1993 π.
1158 1929 1250 1994 πέντε
1273 1935 1344 2004 ναῦς
1365 1931 1459 1996 πλέον

284 2044 364 2125 οὶνδρῖ
388 2043 504 2125 έκοίστιρ
527 2043 544 2119 ἢ
568 2050 644 2124 τρεῖς
667 2043 773 2122 ίβολοῖ
797 2043 1039 2122 ὡμολογήίνσαν.
1065 2044 1095 2116 ἒς
1117 2043 1176 2124 γαρ
1201 2041 1291 2108 πέντε
1313 2048 1384 2118 ναῦς
1404 2044 1457 2109 καῖ

286 2157 472 2233 πεντήκοντα
495 2155 658 2239 τρνοίκοντα
681 2156 826 2222 τοίλαντα
849 2155 949 2220 ἐδίδου
973 2160 1026 2220 τοῦ
1049 2156 1149 2235 μηνός·
1170 2156 1239 2238 (uhi
1259 2159 1352 2223 lectio
1372 2159 1458 2223 codi-

284 2291 359 2335 cum
395 2269 463 2350 τρία
497 2271 650 2356 Madvigii
684 2273 852 2356 ingeniosa
887 2273 1127 2336 coniecturam
1152 2269 1312 2353 τρωίκοντα
1336 2277 1459 2337 mutata

284 2390 344 2464 est)
367 2406 431 2451 non
456 2405 568 2451 omnes
591 2388 654 2450 viri
677 2386 762 2451 dooti
781 2386 916 2450 eandem
929 2387 1120 2450 sententiam
1133 2384 1269 2466 habent;
1283 2384 1458 2470 probabilis

284 2501 363 2564 mihi
386 2501 512 2566 videtur
535 2501 706 2584 explicatio
731 2499 886 2594 Oiassenii
911 2500 967 2584 qui
990 2500 1068 2564 haec
1091 2500 1238 2564 adnotat:
1267 2497 1352 2581 „Der
1370 2500 1458 2564 Aus-

282 2614 387 2699 gleich
413 2611 612 2698 (ὁμολογία),
636 2634 676 2677 zu
701 2614 773 2678 dem
796 2613 1024 2696 Tissaphernes
1044 2614 1112 2677 sich
1136 2613 1298 2694 varstand‚
1320 2613 1457 2679 bestand

284 2729 385 2810 dario,
408 2728 482 2793 dass
506 2747 541 2792 er
564 2728 625 2792 den
651 2728 692 2791 55
717 2728 886 2811 peloponn.
908 2727 976 2790 und
995 2727 1141 2807 syrahus.
1155 2725 1343 2807 Sehiffentc.
1356 2728 1410 2810 26,
1425 2729 1457 2807 1)

285 2843 347 2906 den
382 2841 458 2906 Sold
495 2861 557 2904 von
589 2841 695 2904 vollen
732 2840 786 2924 60,
817 2841 884 2905 also
910 2838 995 2920 παρὰ
1019 2838 1109 2904 πέντε
1132 2843 1202 2913 ναῦς
1227 2839 1319 2904 πλέον
1342 2846 1410 2918 (um
1435 2843 1456 2906 5

284 2956 400 3021 Schiffe
434 2957 525 3020 mehr
559 2956 607 3019 als
643 2955 788 3019 wirlrlioh
820 2955 1007 3021 vorhanden
1037 2973 1145 3019 waren
1171 2956 1200 3018 d.
1213 2956 1233 3019 i.
1258 2954 1317 3018 auf
1336 2955 1378 3018 55
1402 2956 1457 3019 ein

283 3069 380 3133 Elftel
412 3069 489 3134 oder
512 3089 557 3133 ca.
582 3065 661 3156 9⁰J0
683 3069 813 3154 Zulage)
837 3068 972 3152 zahlte'’,
992 3089 1188 3154 quamquam
1212 3069 1311 3133 huius
1334 3068 1457 3153 signifi·

283 3184 417 3248 cationis
451 3183 698 3267 praepositionis
734 3181 818 3262 παρα
849 3183 918 3248 alia
942 3183 1088 3267 exempla
1111 3202 1175 3247 non
1199 3183 1309 3248 laudat
1333 3182 1457 3249 classe·

283 3299 368 3379 nius,
390 3296 526 3362 fortasse
547 3296 680 3362 laudare
704 3316 769 3360 non
793 3302 906 3381 potest.

327 3521 346 3605 ξ
371 3523 399 3586 7.
424 3521 679 3605 Comparativam
701 3524 767 3586 vim
791 3523 982 3606 praepositio
1007 3522 1090 3602 παρα
1113 3523 1146 3587 in
1160 3523 1354 3608 quibusdam
1366 3524 1454 3588 locu·

281 3635 424 3700 tionibus
448 3635 542 3700 habet
565 3635 672 3700 verbis
695 3636 884 3700 aestimandi
907 3636 1077 3718 adiunctis,
1098 3634 1154 3700 ubi
1175 3637 1366 3721 praepositio
1379 3655 1454 3701 oum

230 3787 231 3790 =
281 3754 396 3814 neutro
428 3749 577 3813 adiectivi
602 3751 791 3833 quantitatis
816 3750 987 3814 coniuncta
1009 3750 1145 3833 gradum
1165 3751 1287 3813 indicat
1306 3752 1454 3814 aestima·

262 3863 396 3944 'tionis3
424 3864 582 3927 eiusmodi
605 3863 782 3948 locutiones
807 3864 892 3948 apud
916 3865 1116 3949 antiquiores
1139 3865 1310 3948 scriptores
1333 3883 1455 3948 paucae

283 3977 377 4039 modo
411 3976 640 4058 inveniuntur;
674 3977 918 4042 increbrescunt
953 3984 1058 4042 tamen
1093 3978 1170 4043 inde
1202 3977 1242 4042 ab
1273 3978 1455 4042 Alexandri

191 4113 193 4116 ·
282 4088 393 4173 Magni
416 4096 526 4155 aetate.
551 4089 640 4154 Haeo
659 4096 736 4155 sunt
755 4110 838 4174 quae
858 4110 899 4155 cx
919 4093 1062 4175 antiquis
1082 4091 1294 4176 scriptoribus
1306 4092 1455 4176 exempla

283 4206 484 4268 enumerarit
518 4202 589 4268 Rau
622 4204 676 4287 (hl.
708 4225 778 4289 pag.
811 4205 884 4289 76):
919 4204 1011 4284 παρ’
1046 4205 1171 4269 οὐδὲν
1207 4199 1324 4268 εἶναι
1360 4205 1455 4268 nihili

283 4334 362 4396 esse,
397 4316 491 4401 Soph.
523 4316 600 4381 Oed.
631 4317 668 4382 R.
693 4318 774 4398 9833
798 4318 892 4405 Soph.
916 4319 1026 4403 Antig.
1051 4320 1133 4399 4663
1157 4319 1267 4403 Eurip.
1292 4317 1345 4382 Or.
1369 4318 1452 4400 5693

282 4428 400 4514 quibus
435 4430 510 4495 addi
540 4435 643 4514 potest
676 4450 787 4496 versus
810 4452 829 4496 a
853 4430 1004 4497 cicerone
1027 4432 1080 4518 (ad
1102 4434 1169 4497 Att.
1196 4434 1225 4516 1,
1248 4432 1302 4515 20,
1326 4430 1361 4516 3)
1384 4431 1454 4496 sive
