3378 5212
803 514 864 578 161

296 717 329 760 π.
355 695 397 761 τα
420 693 599 775 νομιζόμενα
624 696 677 778 54,
704 698 755 780 10,
780 697 800 759 4
825 696 882 784 (cf.
908 719 978 784 pag.
1006 700 1104 788 143),

295 811 349 894 45,
373 811 404 892 9,
428 813 466 874 3;
493 834 527 873 π.
553 809 593 875 τοὶ
617 811 865 889 νενομοθετημένα
890 813 958 893 πρὸς
981 818 1032 877 τοῦ
1057 812 1202 894 Καίσαρος
1215 813 1303 901 (pag.
1320 817 1419 904 143),

296 925 348 1006 59,
376 923 427 1005 13,
453 925 490 987 5:
515 947 548 986 π.
573 923 613 988 τὰ
641 925 871 1004 προηγγελμένα
895 924 952 1012 (cf.
976 947 1046 1011 pag.
1074 927 1173 1012 146);

295 1062 329 1100 π.
354 1037 387 1101 τὸ
413 1043 554 1118 προσηκον
576 1038 615 1102 fr.
640 1039 693 1122 84,
720 1042 734 1103 1
762 1037 851 1125 (pag.
879 1039 977 1128 143),
1002 1040 1307 1128 46,13,2(οοο1τιι
1331 1044 1417 1129 quod

250 1151 375 1240 ἀετοί),
402 1152 454 1234 52,
481 1151 531 1234 12,
558 1152 595 1234 6,
624 1152 676 1234 55,
703 1153 732 1235 7,
756 1153 794 1235 3,
819 1151 877 1239 (cf.
900 1154 991 1218 Plato
1014 1154 1138 1220 Phileb.
1158 1177 1188 1239 p.
1210 1155 1416 1238 30D3Dem.

252 1268 303 1349 11,
331 1267 387 1348 11,
411 1266 509 1332 Isocr.
534 1269 624 1352 epist.
649 1267 680 1348 9,
708 1267 777 1354 12).
1376 1353 1380 1362 ¹

294 1405 328 1445 π.
354 1380 550 1461 πεπρωμένην
575 1379 706 1467 (eontra
728 1381 850 1468 fatum)
876 1382 928 1465 77,
956 1382 1007 1465 16,
1032 1384 1052 1445 8
1077 1382 1180 1469 (Petr.
1206 1384 1319 1472 Patr).

295 1519 328 1560 π.
364 1496 406 1560 roi
441 1494 625 1574 συγκείμενα
660 1493 804 1580 (praeter
838 1496 987 1584 pactum)
1024 1497 1077 1581 37,
1103 1498 1132 1581 5,
1159 1499 1195 1577 5,
1221 1498 1274 1582 48,
1299 1499 1352 1582 45,
1379 1499 1416 1580 7,

250 1611 302 1692 50,
327 1585 358 1692 e,
382 1610 416 1689 63

294 1747 328 1786 π.
361 1723 394 1787 τὸ
417 1711 594 1803 ’συμφέρον
616 1721 744 1809 (contra
775 1745 870 1790 suum
895 1727 1109 1808 commodum,
1132 1746 1191 1791 suo
1214 1729 1342 1812 proprio
1367 1728 1419 1792 de-

249 1836 417 1924 trimento)
441 1835 478 1901 fr.
504 1837 556 1919 20,
581 1837 619 1918 4,
643 1837 680 1904 fr.
706 1837 758 1920 54,
784 1838 802 1900 7
829 1836 955 1924 (addito
979 1837 1110 1928 σφίσιν).
1134 1842 1218 1906 idem
1244 1839 1416 1923 44,31,3;

250 1947 307 2036 (of.
329 1950 427 2015 Isocr.
452 1950 483 2032 4,
510 1950 567 2032 53,
592 1951 704 2033 Polyb.
729 1951 782 2034 28,
807 1952 838 2035 6,
862 1952 911 2041 6).

294 2064 350 2146 57,
374 2065 424 2146 10,
448 2064 486 2128 5:
514 2088 548 2127 π.
573 2065 606 2128 τὸ
630 2064 816 2143 τεταγμένον
841 2064 899 2151 (cf.
921 2087 992 2152 pag.
1018 2067 1116 2154 143),

293 2178 346 2260 41,
381 2177 435 2261 46,
470 2178 511 2242 4:
548 2202 582 2240 π.
617 2178 658 2242 τοὶ
691 2178 859 2259 Φαινθμενα
896 2179 999 2244 πίστιν
1023 2187 1077 2254 τῆς
1099 2181 1242 2262 σωτηρίας
1265 2181 1415 2261 ἐχέγγυον

250 2290 393 2356 ποιεῖσθαι
438 2289 531 2377 (cum
577 2313 641 2377 qua
675 2295 838 2360 locutione
872 2295 1066 2361 conferenda
1099 2302 1148 2361 est
1178 2297 1299 2362 locutio
1331 2297 1417 2382 apud

248 2405 497 2490 Xenophontem
521 2405 615 2472 Mem.
641 2407 669 2489 l,
695 2407 726 2490 3,
751 2409 786 2471 4:
815 2432 849 2471 π.
874 2408 915 2472 τα
937 2408 1173 2497 σημαινόμενα).

292 2521 433 2585 Tertium
464 2541 568 2606 genus
600 2523 715 2587 harum
740 2523 950 2605 locutionum,
974 2523 1030 2588 ubi
1064 2524 1415 2589 adiectivorum

249 2636 453 2700 accusativus
488 2637 697 2720 coniungitur
731 2656 804 2702 cum
834 2639 1070 2722 praepositione
1094 2635 1187 2717 παροί.
1212 2639 1302 2702 velut
1326 2661 1360 2701 π.
1386 2638 1419 2702 τὸ

249 2747 371 2821 δίκαιον,
397 2772 431 2811 π.
454 2749 488 2813 τὸ
509 2747 673 2826 βέλτιστον
686 2769 711 2814 e.
724 2770 763 2832 a,
776 2770 858 2834 quae
871 2751 957 2835 apud
969 2750 1228 2834 Xenophontem,
1240 2751 1420 2834 Platonem,

249 2861 460 2949 Herodotum,
483 2865 726 2947 Antiphontem,
748 2864 969 2946 Thucydidem
995 2872 1179 2946 occurrunt,
1204 2863 1334 2930 Cassius
1356 2864 1418 2930 Dio

249 2997 313 3040 non
338 2978 464 3042 videtur
488 2997 671 3062 usurpasse.
696 2975 788 3054 Quod
812 2981 898 3043 enim
920 2981 1033 3043 attinet
1052 2979 1091 3042 ad
1114 2978 1151 3044 fr.
1165 2979 1217 3061 57,
1231 2979 1260 3063 7,
1272 2979 1328 3045 ubi
1340 2981 1417 3064 legi-

250 3110 340 3155 mus:
365 3088 460 3164 οίλλοί,
484 3088 536 3154 καὶ
558 3091 618 3172 γθιρ
640 3095 779 3171 φιλοῦσιν
790 3091 816 3156 οἱ
832 3090 940 3157 πολλοὶ
953 3099 1014 3165 τοῖς
1039 3091 1180 3166 τοιούτοις
1195 3117 1229 3156 π.
1243 3093 1276 3157 τὸ
1289 3100 1420 3174 κρεῖττον

247 3201 423 3283 ἐλπίζοντες
459 3209 633 3278 πιστεῦσαι,
669 3207 726 3269 vix
761 3207 884 3291 aliquid
908 3209 986 3271 certi
1010 3203 1162 3272 constitui
1185 3214 1288 3292 potest
1310 3208 1344 3270 in
1368 3211 1415 3272 in-

248 3320 426 3383 certissima
449 3320 595 3383 codicum
619 3320 773 3401 lectione;
798 3321 848 3383 vir
871 3321 909 3383 cl.
933 3319 1123 3385 Boissevain
1145 3323 1240 3385 etiam
1254 3323 1418 3386 adnotavit

247 3434 281 3495 in
305 3433 390 3496 calce
413 3434 563 3516 paginae:
588 3454 649 3516 „an
674 3456 708 3496 π.
735 3434 769 3498 τὸ
792 3433 868 3506 εἰκὸς
891 3433 1092 3514 ἐλπίζοντεςῗ
1117 3436 1167 3499 vel
1190 3433 1417 3518 rapdcorrup·

248 3543 363 3609 tum?”
398 3545 512 3630 Itaque
536 3546 576 3611 de
599 3546 751 3611 hocloco
775 3567 839 3611 non
865 3548 977 3611 dicam.
1003 3546 1131 3613 eeteros
1155 3554 1262 3612 autem
1287 3550 1417 3631 scripto-

247 3678 298 3723 res
314 3706 315 3709 .
333 3665 463 3744 superat
497 3658 558 3724 Dio
593 3680 656 3724 usu
680 3661 881 3725 locutionum
906 3661 1025 3745 quibus
1049 3661 1324 3726 substantivorum
1349 3663 1417 3726 sive

247 3774 488 3857 participiorum
512 3775 687 3838 accusativi
711 3775 810 3838 additi
835 3781 920 3840 sunt.

291 3885 465 3970 Reliquum
491 3894 538 3952 est
562 3895 598 3952 ut
621 3907 675 3952 eos
699 3891 786 3954 locos
814 3890 1004 3965 indicemus,
1030 3889 1085 3953 ubi
1108 3890 1228 3953 locutio
1251 3912 1284 3952 π.
1317 3891 1417 3954 ταῦτα

246 4002 421 4084 invenitur,
444 4002 679 4085 significatione
704 4003 743 4066 de
768 4023 832 4086 que
854 4003 999 4066 diximus
1022 4003 1181 4086 praedita;
1195 4010 1415 4087 suntnempe:

292 4114 344 4196 56,
369 4113 421 4196 27,
447 4114 485 4176 3:
510 4116 760 4195 τιμωρηθήσεσθαι
784 4115 835 4179 καί
860 4114 970 4187 αὐτοὺς
995 4115 1119 4189 ἐκείνους
1143 4116 1193 4180 καὶ
1215 4117 1281 4189 τοὺς
1302 4113 1416 4189 ἄλλους

248 4226 315 4300 τούς
349 4227 383 4290 τί
415 4251 446 4290 π.
485 4232 588 4292 ταῦτα
628 4227 870 4309 σνμπροίξαντοίς
893 4234 999 4309 σφισιν
1023 4231 1238 4304 ἐπαπειλήσας
1263 4229 1415 4315 (poenam

248 4344 389 4406 minatus
412 4344 491 4426 ipsis
516 4362 558 4406 se.
582 4342 752 4408 exsulibus
776 4351 807 4407 et
829 4346 870 4408 iis
894 4345 951 4427 qui
976 4345 1162 4408 contrahas
1186 4346 1272 4429 leges
1295 4345 1415 4408 inulla

247 4474 280 4520 re
303 4457 383 4540 ipsis
400 4457 530 4527 ,auxilio
554 4457 728 4544 fuissent);
753 4459 787 4520 in
811 4459 1077 4542 praecedentibus
1101 4461 1186 4524 enim
1208 4460 1414 4545 paragraphis
