3378 5212
790 512 853 574 165

234 701 303 765 sius
337 697 398 762 Dio
434 700 567 763 verbum
605 695 833 778 ἐπανρίσκεσθαι
869 718 941 762 cum
967 699 1201 782 praepositione
1226 695 1310 776 παρα
1334 716 1408 760 oon-

233 815 352 896 iunxit,
386 831 482 897 quem
519 832 614 877 usum
651 813 706 876 alii
740 813 913 896 scriptores
949 831 1014 874 non
1049 815 1220 893 noverunt,
1255 810 1407 894 quodque

234 925 368 1006 ἀπέχειν
392 927 623 999 eodemmodo
646 926 800 1008 adhibuit,
823 927 917 991 ouius
942 945 1021 990 usus
1046 925 1203 989 nonnulla
1222 923 1307 1007 apud
1328 925 1408 999 alios

234 1045 365 1106 exstant
388 1041 546 1124 exempla,
567 1040 612 1102 nil
637 1045 685 1104 est
709 1059 768 1103 cur
793 1041 954 1104 miremur.

280 1153 423 1219 Verbum
447 1150 591 1232 πράττειν
615 1156 750 1237 eiusque
773 1155 950 1236 composita
973 1149 1154 1231 ἐκπράττειν
1174 1148 1408 1231 θῒὲστροὶττειν,

235 1268 387 1352 exigendi
417 1267 651 1352 significatione
673 1266 825 1351 praedita,
850 1264 910 1329 Dio
934 1268 1062 1350 saepius
1087 1266 1256 1349 usurpavit
1279 1283 1409 1348 praepo-

236 1382 352 1445 sitione
385 1380 469 1460 παρα
500 1380 617 1462 addita,
640 1398 700 1443 neo
721 1385 827 1444 tumen
851 1383 925 1443 cum
950 1379 1076 1444 duobus
1100 1380 1300 1460 accusativis,
1326 1398 1409 1463 quae

235 1501 398 1559 structura
422 1494 564 1578 vulgaris
586 1500 643 1576 est,
667 1493 845 1557 coniunxit.
870 1491 970 1557 Verbi
994 1491 1172 1572 ἐργολαβεῖν
1186 1491 1409 1574 (conducendi,

235 1609 413 1673 redimendi
437 1609 567 1672 notione
589 1608 735 1692 praediti)
761 1607 823 1670 duo
846 1607 1002 1672 habemus
1027 1607 1175 1691 exempla
1198 1624 1281 1690 quae
1301 1626 1319 1669 a
1339 1607 1408 1670 vul·

237 1729 311 1808 gato
335 1742 399 1787 usu
422 1721 603 1804 abhorrent,
628 1722 667 1786 de
692 1721 812 1804 quibus
837 1720 899 1784 vid.
923 1741 992 1805 pag.
1017 1722 1069 1784 68.

281 1836 389 1901 Verba
413 1833 535 1900 adactor
559 1841 590 1900 et
615 1833 741 1915 ῥύεσθαι,
767 1853 849 1919 quae
875 1835 972 1918 vulgo
995 1836 1064 1899 sive
1083 1854 1157 1898 cum
1177 1835 1410 1917 praepositione

238 1951 271 2014 εἰι
306 1954 480 2015 occurrunt
510 1952 578 2013 sive
603 1968 727 2014 merum
745 1950 925 2033 genitivum
949 1948 1143 2028 adsciscunt,
1167 1946 1297 2011 Cassius
1322 1947 1410 2010 adhi-

236 2063 307 2128 buit
330 2065 473 2148 adposita
497 2064 733 2147 praepositione
758 2060 852 2141 παρα.

281 2177 320 2242 In
353 2177 451 2241 aerbo
487 2175 583 2239 αἰτεῖν
617 2177 753 2259 eiusque
786 2176 981 2258 compositis,
1013 2194 1087 2239 cum
1112 2175 1212 2238 Attici
1237 2149 1410 2257 scriptores

236 2293 396 2376 duplicem
431 2290 646 2354 adhibuerunt
680 2294 883 2368 structuram,
918 2288 1013 2352 αἰτεῖν
1048 2284 1117 2351 τινα
1150 2311 1180 2351 τι
1205 2293 1236 2351 et
1259 2286 1354 2350 αἰτεῖν
1379 2309 1409 2348 τι

238 2403 321 2485 παρα
355 2428 433 2477 τινος
468 2406 556 2467 varie
591 2404 742 2484 dicentes,
777 2405 915 2487 priorem
954 2422 1050 2467 usum
1075 2421 1147 2465 raro
1171 2401 1317 2465 adhibuit
1339 2398 1412 2476 Dio,

237 2520 422 2602 saepissime
447 2523 552 2582 autem
578 2519 723 2582 alterum.
749 2518 874 2582 Atticos
898 2521 1037 2598 secutus,
1062 2517 1166 2580 medio
1189 2517 1300 2600 generi
1320 2513 1411 2578 verbi

236 2631 328 2696 αἰτεῖν
363 2651 488 2716 semper
522 2630 583 2695 Dio
618 2632 740 2696 addidit
761 2632 1027 2715 praepositionem
1054 2625 1145 2708 παραὶ.
1169 2628 1338 2712 singulare
1362 2633 1410 2692 est

238 2746 325 2828 quod
349 2746 430 2809 dixit
455 2744 585 2810 Cassius
611 2745 740 2826 φρουρὰν
764 2744 913 2808 αἰτεῖσθαι
938 2740 1021 2822 παρα
1045 2741 1201 2819 Ῥωμαίοις
1225 2741 1275 2826 (lr.
1301 2742 1354 2822 40,
1369 2742 1411 2824 7),

237 2859 276 2925 de
310 2880 375 2944 qua
408 2859 570 2923 locutione
606 2859 749 2923 diximus
785 2879 855 2943 pag.
887 2859 938 2921 23.
971 2855 1116 2921 Verbum
1144 2855 1287 2918 ἀπαιτεῖν
1310 2855 1410 2919 Attici

236 2972 302 3037 fere
337 2991 461 3057 semper
496 2993 570 3038 cum
603 2973 731 3037 duobus
760 2972 951 3037 accusativis
975 2971 1225 3051 coniunxerunt,
1248 2969 1411 3033 rarissime

236 3089 502 3172 praepositionem
527 3086 610 3166 παρὰ
633 3087 859 3168 adhibuerunt,
883 3085 1046 3168 exquisite
1065 3084 1248 3165 Aeschylus
1269 3084 1302 3146 εἰι
1315 3102 1410 3147 usur-

236 3205 342 3286 pavit,
378 3202 464 3286 apud
495 3200 631 3265 Dionem
656 3208 763 3265 tamen
789 3200 909 3285 duplex
935 3200 1138 3263 accusativus
1162 3197 1260 3262 semel
1284 3203 1410 3262 tantum

237 3317 383 3397 occurrit,
406 3315 598 3399 praepositio
624 3312 837 3393 aspirantem
862 3313 991 3397 saepius
1015 3312 1186 3375 invenitur.

280 3427 329 3493 De
349 3427 455 3493 verbis
479 3424 618 3501 ἐξαιτεῖν,
644 3427 867 3507 παραιτεῖσθαι,
893 3431 1075 3506 προσαιτεῖν,
1098 3443 1181 3508 quae
1201 3424 1297 3488 semel
1320 3423 1410 3488 bisve

237 3543 322 3626 apud
356 3542 503 3607 Gessium
539 3562 613 3606 cum
649 3543 885 3626 praepositione
915 3539 1001 3620 παρὰ
1032 3540 1204 3603 coniuncta
1227 3543 1410 3620 occurrunt,

235 3656 321 3720 idem
344 3655 411 3720 fere
435 3650 528 3738 valet,
551 3674 666 3739 nempe
690 3657 941 3719 rarissimorum
954 3653 1191 3738 praepositione
1205 3650 1411 3731 παραίτησιν

237 3770 323 3853 apud
357 3772 555 3854 antiquiores
592 3775 747 3853 usurpata
782 3775 867 3833 sunt.
903 3766 996 3843 Quod
1027 3768 1141 3830 attinet
1165 3767 1203 3830 ad
1228 3765 1291 3830 alia
1313 3765 1411 3830 verba

237 3884 389 3948 sumendi
413 3884 458 3947 nil
482 3890 530 3948 est
555 3884 642 3967 quod
665 3883 970 3947 animadvertamus.

282 3998 389 4063 Verba
411 3998 548 4063 habendi
573 4016 703 4082 quoque
728 3997 851 4080 vulgari
874 3999 997 4060 ratione
1020 3992 1410 4075 aDioneadhibitasunt,

237 4113 397 4195 siquidem
422 4113 602 4196 excipimus
625 4111 821 4175 locutionem
845 4111 897 4192 50,
925 4111 976 4191 17,
1001 4109 1037 4172 6:
1064 4105 1235 4190 εὐτύχησα,
1261 4104 1408 4170 ἔπταισα.

239 4226 311 4305 παρ’
336 4220 372 4289 ὧν
395 4225 430 4289 τὸ
454 4224 529 4302 μήτ’
554 4223 795 4301 ἀπογιγνώσκειν
819 4246 848 4287 τι
872 4221 941 4300 μήθ’
967 4221 1157 4301 ὑπερφρονεῖν
1183 4218 1256 4299 ἔχω,
1283 4221 1322 4285 de
1346 4240 1410 4304 quo

238 4338 307 4403 loco
332 4341 405 4404 vide
428 4360 500 4424 pag.
524 4341 574 4403 82.

282 4452 390 4517 Verba
413 4453 566 4517 audiendi
589 4459 621 4516 et
644 4451 858 4535 cognoscendi
881 4453 1001 4517 usitata
1020 4451 1143 4513 ratione
1163 4447 1294 4512 Cassius
1316 4468 1408 4512 usur·
