3378 5222
812 534 852 598 21

247 726 413 810 legimus);
453 723 506 786 hie
543 739 682 806 quoque,
724 722 808 786 sicut
842 739 939 803 supra
974 719 1195 804 exposuimus,
1229 719 1420 804 significatio

251 839 399 920 ,iudiei0,
429 835 561 900 arbitrio
587 832 721 900 eorum''
743 835 916 899 transitum
940 832 1070 918 praebet
1092 834 1133 898 ad
1155 853 1264 916 usum,
1288 834 1328 898 de
1352 854 1417 919 quo

247 970 337 1016 nune
360 951 495 1035 agimus.
915 940 924 952 ’

291 1066 467 1149 Aptissime
490 1062 627 1127 conferri
650 1062 767 1146 poterit
790 1062 842 1143 66,
868 1063 918 1143 19,
943 1063 978 1124 1:

293 1176 610 1257 πολυπραγμονεῖσθαι
636 1198 670 1239 π.
690 1173 854 1256 ’ἐλευθέροις
878 1171 1047 1254 ἀνθρώποις,

291 1292 347 1356 ubi
370 1289 455 1372 παρὰ
477 1290 543 1356 fere
566 1287 747 1374 significare
771 1289 917 1353 videtur:
954 1286 1133 1370 ,inter”,
1169 1290 1233 1370 ,in
1258 1286 1420 1353 eoetu”

246 1405 420 1471 liberorum
455 1385 641 1481 homiuum,
678 1421 762 1486 quae
797 1401 990 1486 significatio
1016 1401 1254 1486 quodammodo
1277 1404 1363 1467 inest
1385 1403 1419 1465 in

252 1519 301 1602 77,
325 1519 376 1602 20,
398 1521 428 1582 4.

293 1631 417 1698 Deinde
439 1629 611 1695 dicendum
636 1633 685 1694 est
710 1628 878 1693 dehisce:

292 1743 479 1810 Morou...
505 1767 540 1808 π.
565 1748 628 1815 τοῖς
652 1739 733 1807 ποένν
755 1740 930 1823 ἐπιχωρίοις
952 1739 1146 1822 θνομοθζονται
1172 1744 1223 1826 61,
1248 1745 1299 1825 22,
1326 1744 1363 1823 7;

292 1859 319 1923 εἰ
341 1856 523 1936 ἀνέλεγκτον
546 1855 641 1928 αὐτήν
664 1859 718 1939 (se.
742 1853 796 1928 τήν
818 1855 949 1936 γνώμαν)
970 1879 1004 1919 π.
1026 1861 1089 1928 τοῖς
1101 1853 1209 1929 ἄλλοις
1222 1854 1417 1921 πιστεύσειαν

250 1971 365 2037 ἔσεσθαι
391 1976 442 2054 52,
467 1973 518 2054 33,
542 1973 579 2050 4;

291 2086 403 2152 Priore
436 2086 507 2150 loeo
539 2081 734 2164 θνομοὶζονται
765 2083 852 2147 idem
877 2083 961 2148 velet
985 2102 1022 2147 ee
1045 2081 1137 2160 ὄνομα
1161 2081 1294 2163 ἔχουσιν,
1318 2084 1418 2148 altero

248 2200 430 2278 ἀνέλεγκτον
464 2197 580 2263 ἔσεσθαι
615 2197 775 2282 significat
809 2197 862 2260 οὐκ
899 2196 1151 2276 ἐλεγχθήσεσθαι,
1186 2199 1230 2261 ite
1263 2202 1300 2261 ut
1330 2197 1420 2261 verbi

248 2316 374 2399 passive
398 2315 486 2377 notio
509 2313 616 2377 inesse
639 2312 794 2376 videatur.
817 2309 944 2374 Rursus
968 2329 1034 2373 non
1058 2313 1165 2395 egitur
1184 2312 1419 2395 nequeeogite-

248 2434 302 2492 tur
319 2428 358 2491 de
377 2428 523 2511 personis
542 2425 713 2510 egentibus
727 2425 776 2489 vel
791 2424 1004 2489 efficientibus
1017 2424 1149 2508 aliquid,
1163 2425 1218 2490 sed
1231 2426 1418 2509 simpliciter

248 2542 287 2605 de
299 2542 340 2605 iis
353 2542 498 2624 persenis
511 2559 616 2605 sermo
629 2544 687 2620 est,
698 2540 784 2623 apud
797 2558 879 2622 quas
893 2539 943 2602 vel
957 2559 1096 2622 quarum
1110 2539 1232 2603 iudicio
1247 2539 1371 2622 aliquid
1383 2539 1419 2603 fit

293 2652 448 2738 Sequitur
470 2653 522 2736 60,
544 2655 594 2734 16,
620 2653 656 2716 8:
677 2651 801 2730 γέλωτα
820 2648 1018 2732 θφλισκοθνειν
1037 2673 1069 2714 π.
1085 2658 1146 2725 τοῖς
1158 2651 1330 2731 δυναμένοις
1344 2702 1351 2716 .
1366 2701 1373 2718 .
1389 2700 1419 2718 ..

248 2773 398 2852 (quocum
422 2767 504 2832 conf.
528 2766 704 2847 Platonem,
728 2768 783 2850 qui
807 2768 842 2829 in
865 2765 962 2850 Hipp.
987 2767 1105 2830 maiore
1130 2769 1193 2830 282
1217 2768 1248 2831 A
1267 2772 1299 2831 et
1318 2766 1420 2832 Phae·

249 2882 332 2946 done
357 2883 417 2945 117
443 2882 489 2944 A:
514 2879 637 2958 γέλωτα
658 2877 854 2960 ὀφλισκάνειν
876 2901 908 2941 π.
934 2901 991 2942 τινι
1016 2879 1174 2958 adhibet);

293 2993 382 3059 Haec
416 2991 606 3077 significatio
639 2991 733 3057 facile
767 2991 938 3056 deducitur
971 3012 990 3056 a
1025 2991 1258 3076 significatione
1292 2992 1331 3057 de
1355 2971 1443 3076 qus·

249 3129 347 3193 supru
381 3108 535 3189 diximus,
568 3125 684 3190 nempe
721 3105 873 3187 ,arbitrio
903 3104 1082 3184 alieuius”;
1106 3106 1159 3168 hie
1182 3107 1266 3169 enim
1292 3103 1418 3182 γέλωτα

248 3218 444 3303 θφλισκανειν
478 3242 510 3283 π.
547 3242 604 3283 τινι
639 3217 797 3304 significet
831 3220 950 3300 „risum
976 3236 1104 3283 movere
1139 3219 1279 3302 apud,
1313 3219 1347 3283 id
1370 3225 1420 3285 est

249 3355 354 3400 eorem
378 3336 418 3399 iis
444 3333 492 3398 vel
516 3332 647 3397 arbitrio
671 3350 793 3412 eorum,
816 3333 873 3415 qui
900 3331 1015 3396 edsu
1029 3352 1048 3394 n
1062 3330 1105 3412 t'',
1129 3350 1194 3396 nou
1214 3351 1346 3397 neeesse
1370 3338 1419 3397 est

248 3451 354 3514 inesse
377 3449 540 3511 notionem
565 3447 701 3510 aetionis
724 3444 888 3526 irridendi,
911 3463 995 3529 quae
1018 3443 1059 3510 ab
1081 3445 1191 3529 aliquo
1213 3445 1258 3510 fit.

292 3561 343 3625 Ite
364 3561 447 3626 fere:

295 3676 345 3757 38,
376 3675 428 3757 41,
461 3675 498 3737 1:
526 3673 605 3751 μήτε
628 3669 797 3747 ἐξήτασται
822 3694 854 3734 π.
870 3655 918 3753 Ιπή
943 3672 1041 3753 βουλή
1066 3670 1119 3735 καὶ
1143 3694 1174 3736 π.
1201 3672 1350 3753 τῷδήμῳ
1374 3672 1418 3751 μή

250 3786 435 3868 ἐψήφισται,
458 3786 515 3852 ubi
538 3793 649 3851 coetus
673 3791 751 3850 sunt
773 3787 860 3867 iusti,
894 3804 1047 3849 eoram
1082 3784 1203 3868 quibus
1227 3787 1306 3871 quid
1329 3786 1374 3852 fit.

294 3904 346 3984 49,
370 3904 398 3985 2,
423 3904 458 3965 2:
485 3897 590 3964 πάντα
611 3899 682 3981 πρὸς
702 3899 736 3963 τὸ
756 3895 879 3978 μεῖζον.
895 3948 902 3962 .
917 3947 924 3960 .
940 3947 947 3963 .
961 3921 992 3961 π.
1007 3898 1193 3979 ἀμφοτέροις
1205 3901 1419 3978 έλογοποιεῖτο,

250 4014 306 4079 ubi
340 4016 440 4080 verbu
472 4037 505 4077 σ.
541 4012 726 4095 αμφοτέροις
758 4011 957 4096 significant:
986 4014 1039 4094 ,in
1064 4014 1236 4098 utriusque
1259 4016 1420 4080 exercitus

250 4127 425 4194 coetibus&

296 4241 440 4307 Ulterius
463 4240 666 4327 progreditur
689 4239 890 4324 significatio,
912 4241 958 4303 ite
980 4244 1018 4303 ut
1040 4239 1107 4304 fere
1126 4245 1268 4305 transeat
1286 4242 1419 4306 adiudi-

250 4358 384 4421 eundem
407 4374 578 4440 personum
602 4356 705 4439 ipsam
730 4353 920 4418 efficientem
945 4352 1079 4436 aliquid,
1103 4353 1272 4418 hocloco:

294 4471 346 4553 47,
358 4471 388 4553 6,
401 4469 420 4531 3
431 4491 438 4532 :
451 4491 483 4530 π.
504 4467 608 4540 αὐτοῖς
623 4471 685 4538 τοῖς
698 4490 732 4529 τε
751 4463 856 4547 Φίλοις
875 4463 928 4529 καθ
948 4471 1009 4537 τοῖς
1028 4464 1206 4541 αναγκαθοις
1225 4466 1418 4547 έσΦοθγνσαν,
