3378 5212
837 542 899 606 150

527 717 562 792 fr.
588 729 641 812 36,
665 730 703 793 2:
728 727 798 800 τοὺς
821 727 852 791 δὲ
876 728 947 809 παρ’
973 727 1053 793 οὐδέν
1077 726 1175 801 αὐτάς
1199 725 1262 812 (so.
1283 724 1342 799 τάς
1361 719 1453 788 κολά-

573 843 654 927 σεις)
680 842 750 922 πρὸς
772 841 807 906 τὸ
826 847 936 921 τυχεῖν
956 837 992 905 ὧν
1011 839 1160 922 ὀρέγονται
1175 838 1386 917 ποιουμένους.
1401 884 1408 900 .
1423 881 1453 901 ..

528 959 582 1041 47,
606 957 637 1040 5,
662 958 698 1020 5:
725 957 796 1035 παρ’
820 955 901 1020 οὐδέν
921 954 975 1029 την
994 959 1046 1020 τοῦ
1066 955 1212 1034 ἑταιρικοῦ
1226 952 1371 1034 σωτηρίαν
1384 950 1454 1031 πρὸς

573 1071 627 1145 την
650 1073 702 1135 τοῦ
725 1066 866 1150 διαφέρον
889 1066 1033 1149 τιμωρίαν
1058 1066 1225 1146 ποιούμενοι
1240 1115 1247 1130 .
1262 1114 1270 1130 .
1286 1115 1315 1132 ..

530 1185 582 1267 71,
606 1184 659 1268 24,
683 1185 720 1247 3;
747 1183 818 1263 παρ’
844 1182 924 1247 οὐδὲν
947 1179 983 1246 άν
1007 1182 1041 1246 τὸ
1065 1183 1199 1262 πράγμα
1222 1179 1420 1257 ἐποιησάμην.

282 900 354 980 παρ’
378 899 459 962 οὐδὲν

294 1014 450 1078 ποιεῖσθαι.

326 1405 461 1471 Locutio
498 1403 583 1486 παρά
618 1405 720 1485 μικρὸν
755 1405 904 1482 ἡγεῖσθαι,
929 1406 1024 1470 sicuti
1045 1424 1156 1469 omnes
1179 1405 1359 1468 locutiones
1383 1404 1453 1486 qui-

282 1517 344 1583 bus
367 1520 555 1583 adiunctum
576 1524 625 1584 eet
648 1519 783 1583 verbum
807 1518 955 1597 ἡγεῖσθαι,
981 1519 1065 1603 apud
1090 1517 1236 1583 Caesium
1259 1537 1324 1582 non
1344 1536 1456 1580 oecur-

281 1637 342 1714 rit;
367 1637 506 1698 attamen
531 1634 610 1698 alias
634 1633 766 1717 praebet
788 1633 967 1698 locutiones
992 1632 1111 1718 quibus
1130 1633 1325 1716 exprimitur
1344 1630 1453 1696 eadem

281 1768 342 1832 res,
362 1767 493 1831 nempe:
519 1747 609 1831 parvi
633 1748 750 1812 duoere
773 1747 857 1830 alqd.
880 1745 987 1811 Habet
1011 1748 1096 1810 enim
1120 1745 1158 1808 fr.
1178 1745 1232 1828 40,
1255 1745 1313 1808 12;
1339 1741 1456 1824 παρά

281 1859 471 1941 σμικράν
505 1883 582 1923 τισιν
618 1857 700 1922 αὐτοὶ
737 1859 971 1923 ποιεῖσθαι
1007 1855 1119 1933 ἔδοξαν.

327 1977 380 2059 44,
416 1975 470 2058 48,
507 1976 542 2038 l:
575 1970 704 2051 μεγάλα
724 1973 780 2050 μέν
802 1971 886 2036 αὐτά
909 1972 974 2036 καθ’
1000 1971 1097 2036 ἑαυτά
1120 1969 1201 2044 θντα,
1239 1968 1356 2052 παρά
1391 1993 1455 2047 μι-

284 2089 382 2170 κρὸν
416 2089 442 2152 δ’
466 2085 595 2166 άνπρθς
619 2088 718 2151 ἐκεῖνα
753 2085 1037 2164 νομισθέντα.

325 2203 361 2266 fr.
386 2202 440 2285 40,
464 2203 501 2266 2;
539 2201 631 2280 παρ’
668 2198 825 2276 ὀλίγον
860 2199 914 2270 την
950 2194 1026 2263 ἰδέαν
1058 2197 1166 2278 ἔχθραν
1199 2197 1270 2277 πρὸς
1301 2195 1344 2261 τά
1376 2203 1454 2275 κοινῇ

283 2313 478 2397 συμφέροντα
508 2315 768 2389 ἐποιήσατο.

326 2430 362 2493 fr.
388 2429 441 2512 37,
465 2429 502 2492 4:
527 2427 569 2492 τά
592 2425 640 2492 άεὶ
664 2425 902 2507 συγχωρούμενα
924 2427 1116 2499 αὐτοῖς....
1151 2424 1268 2506 παρά
1298 2423 1456 2502 μικρὸν

282 2541 496 2608 ἐτίθεντο.

327 2658 380 2741 67,
407 2659 459 2740 11,
483 2658 520 2721 2;
554 2652 669 2735 παρά
704 2652 854 2734 βραχὺ
885 2654 939 2727 την
969 2653 1077 2718 ἑαυτοῦ
1109 2651 1288 2735 ἀσφάλειον
1320 2651 1390 2730 πρὸς
1422 2649 1455 2713 τὸ

282 2770 397 2850 μηδένα
420 2768 455 2846 ἐξ
477 2770 575 2833 αὐτῶν
598 2769 860 2850 συκοφαντηθῆναι
897 2767 1100 2846 θέμενος.
1117 2817 1123 2832 .
1138 2815 1145 2830 .
1162 2817 1168 2831 .

326 2885 421 2950 Unus
444 2890 543 2950 restat
566 2884 656 2948 loeus
681 2883 738 2947 ubi
762 2884 978 2966 superlativus
1001 2883 1130 2947 additus
1155 2888 1220 2946 est:

326 2999 363 3063 fr.
388 3002 419 3081 9,
444 2999 480 3062 3:
506 2997 549 3062 τά
571 2994 812 3077 δυσχερέστερα.
829 3046 835 3059 .
851 3045 880 3060 ..
903 2995 1063 3077 Φαυλίσας
1083 2996 1177 3075 παρ’
1202 2993 1456 3073 ε’λάγιστον

283 3107 361 3191 ἦγε
395 3112 546 3196 (offensae
569 3112 712 3196 neglexit
736 3118 832 3194 atque
856 3113 981 3175 minimi
1004 3110 1158 3195 putabat).
1500 3099 1503 3106 ’

328 3225 571 3310 Comparativue
612 3226 646 3288 in
685 3226 744 3289 hae
778 3225 918 3290 dictione
951 3226 1038 3310 apud
1074 3223 1210 3290 Dionem
1246 3244 1310 3287 non
1347 3228 1457 3288 extare

283 3340 419 3404 videtur.

327 3453 389 3517 Hie
413 3471 543 3537 quoque
567 3453 737 3516 dicendum
764 3453 892 3516 videtur
913 3454 952 3518 de
970 3454 1132 3518 locutione
1153 3452 1237 3534 παρά
1258 3451 1457 3539 πάνταίριιεο

283 3568 448 3631 nonnullis
480 3568 567 3648 loeis,
600 3567 673 3630 lieet
705 3565 839 3631 verbum
863 3568 1054 3632 aestimandi
1078 3569 1169 3649 absit,
1193 3570 1326 3633 eandem
1353 3569 1456 3652 expli-

282 3683 439 3745 cationem
470 3679 564 3744 babet
586 3680 741 3744 locutioni
766 3679 837 3759 παρ’
861 3678 953 3753 οὐδέν,
978 3681 1136 3766 signifieat
1160 3685 1245 3746 enim
1274 3680 1456 3764 ,omnino”.

283 3794 366 3859 Sunt
391 3815 472 3878 quos
496 3794 568 3858 dioo
591 3795 653 3857 looi
677 3794 726 3856 hi:

328 3909 381 3991 50,
419 3910 448 3990 1,
480 3907 517 3970 b:
551 3904 593 3971 τά
616 3931 652 3970 τε
676 3906 789 3984 ἡμίσεα
814 3906 866 3971 καὶ
889 3907 981 3981 αὐτὸς
1005 3911 1062 3972 τῶν
1086 3906 1229 3990 λαφύρων
1253 3909 1379 3990 άπρθτει,
1403 3905 1456 3972 καὶ

284 4045 319 4085 π.
345 4019 449 4085 πάντα
473 4020 619 4102 ἐπέφερεν
642 4021 725 4101 αὐτῷ
749 4020 803 4095 τάν
826 4045 861 4084 τε
881 4019 1082 4102 Κλεοπάτραν
1100 4022 1152 4087 καὶ
1165 4022 1234 4095 τοὺς
1247 4022 1386 4095 παῖδας.
1403 4074 1411 4088 .
1426 4069 1456 4086 ..

284 4132 325 4199 τά
361 4159 396 4198 τε
430 4133 592 4214 δωρηθέντα
626 4133 805 4216 oolam...
830 4134 1028 4219 (Cleopatrae
1051 4138 1319 4202 consuetudinem
1343 4135 1457 4201 libero-

282 4267 421 4332 rumque
443 4250 514 4313 eius
538 4247 654 4313 Caesar
676 4249 820 4313 Antonio
844 4248 1058 4333 exprobrabat
1093 4269 1156 4314 om
1169 4252 1248 4314 nin
1262 4270 1302 4333 o,
1335 4270 1458 4334 prae-

284 4363 469 4439 sertim).

328 4476 382 4558 43,
406 4475 460 4558 36,
486 4476 523 4538 2;
558 4474 584 4536 οἱ
607 4472 775 4555 Καισάρειον
799 4479 983 4556 στρατιῶται
1007 4476 1049 4557 τῷ
1072 4502 1107 4542 τε
1131 4476 1239 4552 πλάθει
1264 4477 1315 4542 καὶ
1338 4486 1375 4560 τῇ
1400 4480 1455 4556 ε’μ-
