3400 5212
788 562 795 572 ·
853 516 895 580 99

331 703 468 769 Duobus
490 704 569 767 locis
593 702 727 767 verbnm
752 699 905 781 ὑπάρχειν
928 722 1003 765 eum
1027 704 1263 786 praepositione
1284 702 1368 784 σαρθι
1387 723 1462 767 con-

284 821 432 882 iunctum
456 817 612 880 occurrit:

328 933 382 1012 37,
403 931 457 1012 23,
480 932 517 994 2:
542 926 631 1002 δόξαν
652 927 795 1007 οὐδεμίαν
817 936 881 1002 τοῖς
905 928 1052 1006 λαβοῦσιν
1073 929 1168 1001 αὐτοὶ,
1192 931 1230 1003 ὡς
1251 929 1304 993 καὶ
1328 928 1372 1008 μὴ
1388 931 1459 1010 παρ’

283 1040 405 1109 ἑκόντων
428 1042 516 1108 οὶλλοὶ
538 1041 795 1120 ἀναγκασθέντων,
819 1041 892 1120 μηδ’
916 1042 975 1104 εἶτ’
998 1041 1112 1115 εὐνοίαις
1135 1043 1212 1107 ἀλλ’
1237 1045 1271 1107 ἔκ
1294 1041 1460 1117 κολακείας

287 1154 468 1237 ὑσθρξαντοὶ
491 1161 583 1237 σφισι
609 1155 704 1237 Φέρει.

331 1273 383 1352 52,
427 1273 478 1353 12,
519 1272 556 1334 2:
600 1268 690 1349 ἔχθος
730 1267 768 1332 θον
798 1269 880 1349 αὐτῷ
918 1271 1002 1350 rapot
1037 1275 1093 1333 τῶν
1127 1268 1390 1350 διαμαρτανθντοιν
1425 1267 1462 1334 ὧν

287 1383 431 1465 χρῄζουσι
455 1385 577 1461 μᾶλλον
601 1382 618 1456 ἢ
643 1382 740 1463 Φιλίαν
764 1382 849 1463 παρὰ
871 1387 928 1447 τῶν
951 1382 1168 1463 τυγχανόντων
1192 1379 1356 1464 ὑπάρξειεν.

329 1498 476 1561 Primum
500 1496 686 1580 exemplum
710 1516 775 1580 quo
799 1491 874 1559 εἶναι
899 1501 1092 1580 usurpatum
1119 1497 1266 1562 videmus
1286 1495 1357 1584 (51,
1375 1487 1405 1581 4}
1427 1496 1463 1584 1)

287 1613 406 1694 optimo
441 1614 646 1694 comparatur
680 1629 754 1673 oum
791 1610 842 1691 tt,
879 1611 908 1692 1,
941 1612 972 1691 4,
1006 1609 1061 1674 ubi
1093 1609 1182 1674 δεινόν
1212 1634 1243 1674 τι
1268 1611 1340 1691 παρ’
1364 1611 1464 1675 αὐτῶν

287 1724 440 1800 γενήσοιτο
474 1724 609 1807 legitur3
633 1725 716 1786 aetio
741 1725 827 1786 enim
852 1723 1031 1787 exsistendi
1055 1723 1154 1787 verbo
1177 1722 1332 1801 γίγνεσθαι
1356 1727 1462 1809 expri-

287 1839 395 1919 mitur,
418 1839 501 1902 aetio
525 1843 632 1901 autem
657 1836 797 1920 perfecta
820 1837 968 1901 redditur
991 1837 1089 1901 verbo
1107 1831 1181 1900 εἶναι
1201 1840 1221 1900 ἰ.
1234 1857 1259 1902 e.
1272 1839 1461 1915 γεγενῆσθαι.

288 1951 333 2016 Ut
349 2011 353 2020 ,
368 1952 544 2035 posteriore
577 1950 647 2013 loco
683 1948 772 2013 δείνον
806 1973 837 2013 τι
868 1970 888 2013 ιι
917 1951 1087 2015 cuiusdam
1110 1956 1200 2034 parte
1221 1951 1368 2015 futurum
1393 1972 1464 2018 esse

288 2066 415 2146 dieitur,
451 2066 496 2128 ita
530 2065 637 2147 priore
672 2063 742 2127 loco
776 2062 874 2128 verbo
898 2058 972 2126 εἶναι
996 2065 1082 2129 idem
1105 2064 1171 2130 fere
1195 2066 1388 2148 exprimitur
1412 2067 1463 2130 vol

287 2180 394 2262 potins
433 2176 587 2255 γενήσοιτο
622 2176 840 2260 imperfectam
877 2177 998 2240 indicat
1031 2180 1189 2242 actionem
1224 2182 1278 2242 τοῦ
1313 2177 1461 2257 ἐσομένου.

285 2290 404 2355 Nostro
429 2309 560 2374 qnoque
582 2290 652 2354 loeo
675 2292 943 2374 praepositionem
965 2290 1050 2371 παρὰ
1069 2311 1143 2354 oum
1166 2287 1348 2355 verbosiorve
1361 2312 1461 2358 sensu

287 2409 339 2470 τοῦ
373 2404 551 2482 γεγενῆσθαι
587 2405 808 2468 cohaerentem
843 2404 998 2468 vocabula
1029 2403 1118 2468 δεινόν
1141 2427 1173 2467 τι
1199 2406 1293 2468 etiam
1319 2412 1463 2489 spectare

285 2519 379 2583 facile
416 2517 623 2600 intellegitur,
653 2520 698 2581 ita
729 2525 765 2581 ut
788 2520 904 2582 iterum
929 2517 953 2580 οἱ
975 2516 1201 2598 ἐστρατευμένοι
1238 2524 1463 2584 auctores

286 2632 422 2716 periculi
456 2629 595 2693 habendi
632 2632 713 2709 sint,
747 2631 926 2714 periculum
958 2632 1068 2715 itaque
1099 2640 1230 2714 aparte
1253 2632 1460 2697 dimissorum

287 2745 426 2808 militum
449 2745 512 2806 iam
537 2763 602 2807 non
627 2744 818 2824 imminebit,
837 2764 901 2807 non
922 2745 1061 2827 amplius
1085 2746 1198 2828 erit,
1222 2747 1279 2810 ie.
1301 2746 1461 2830 obtigerit.

288 2859 398 2922 Altero
434 2857 504 2920 loco
540 2853 610 2942 (45,
647 2857 697 2939 19,
734 2855 770 2943 1)
804 2858 902 2922 verba
937 2859 1019 2921 hanc
1053 2858 1320 2941 significationem
1345 2861 1463 2926 habere

288 2971 455 3034 videntur:
495 2971 545 3052 ,Α
579 2979 669 3054 parte
705 2969 849 3036 Caesaris
882 2977 914 3035 et
950 2972 1028 3034 mihi
1062 2977 1093 3036 et
1129 2971 1220 3037 vobis
1256 2994 1372 3058 magna
1395 2982 1464 3040 erat

288 3086 444 3150 securitas
478 3084 519 3147 ad
553 3085 725 3148 consilium
762 3084 943 3148 ineundum
979 3084 1018 3148 de
1051 3085 1149 3150 rebus
1175 3087 1404 3170 urgentibus’';
1429 3084 1462 3162 ἦν

286 3202 397 3283 itaque
434 3198 536 3282 qupf.
573 3197 755 3262 habendum
791 3209 840 3262 est
874 3198 964 3262 verbi
999 3197 1153 3276 γίγνεσθαι
1187 3201 1395 3286 ,obtigerat'',
1427 3212 1463 3268 ut

287 3315 398 3379 eodem
431 3313 534 3377 redire
556 3313 705 3377 videatur
728 3333 779 3377 res
803 3313 842 3376 de
867 3333 930 3397 qua
955 3314 1099 3397 agimus3
1126 3334 1242 3398 nempe
1264 3320 1329 3379 tam
1353 3315 1461 3397 ιὶσφθ-

288 3442 357 3491 λεια
381 3447 478 3510 quam
502 3425 636 3492 verbum
662 3421 736 3490 εἶναι
761 3429 1027 3510 praepositionem
1054 3427 1116 3491 sibi
1141 3429 1313 3494 vindicant.

330 3542 471 3607 Tertium
507 3541 691 3626 exemplum
728 3538 798 3624 (42,
831 3542 881 3622 19,
920 3538 954 3627 1)
991 3562 1189 3625 quamquam
1213 3543 1304 3607 locus
1329 3548 1461 3608 sanatus

288 3662 336 3722 est
358 3678 377 3721 a
399 3656 546 3720 Beklrero
570 3657 726 3719 inserenti
751 3653 944 3718 vocabulum
969 3648 1012 3727 ἦν,
1036 3658 1143 3719 tamen
1168 3656 1231 3718 huc
1252 3662 1461 3740 transponen-

289 3771 366 3835 dum
390 3770 513 3850 censui,
537 3770 612 3852 quia
635 3770 730 3833 etiam
755 3769 911 3832 omissum
936 3767 1070 3832 verbum
1096 3763 1168 3831 εἶναι
1190 3771 1461 3853 mentesupplen-

290 3883 368 3946 dum
392 3883 535 3947 videtur:
573 3880 738 3945 Certamen
776 3883 885 3965 itaque
923 3880 1006 3961 παρὰ
1035 3879 1154 3944 rotarat
1184 3885 1241 3945 τῶν
1274 3881 1395 3963 πρώτον
1417 3877 1460 3957 ἦν.

289 3995 487 4079 Praepositio
520 3995 604 4075 ταρθι
628 3996 680 4058 hic
704 4013 834 4079 quoque
869 3997 1098 4077 originem
1134 3995 1219 4058 clare
1243 3996 1463 4079 significat3a

290 4115 378 4193 parto
402 4112 603 4194 optimatium
629 4110 714 4174 enim
737 4114 898 4174 certamen
919 4110 1006 4172 vonit
1026 4108 1111 4190 quod
1133 4116 1216 4189 erat,
1237 4106 1462 4186 οἱμίιιλνιοιιο-

289 4227 374 4286 tores
410 4222 434 4285 οἱ
464 4226 572 4303 πρῶτοι
604 4224 798 4303 indicantur,
822 4221 909 4285 undo
932 4221 1199 4303 praepositionem
1224 4222 1263 4285 ad
1288 4228 1464 4308 utrumque

292 4334 483 4400 vocabulum
520 4333 637 4422 (subst.
672 4340 703 4400 et
737 4330 890 4418 verbum)
925 4334 1084 4416 pertinere
1115 4333 1271 4398 videmus.
1295 4332 1464 4400 Difficilior

291 4443 404 4514 autem
423 4468 475 4513 res
498 4456 547 4513 est
570 4452 603 4512 in
624 4454 784 4532 postremo
805 4447 892 4531 quod
904 4446 1108 4510 laudavimus
1121 4449 1269 4531 exemplo
1283 4445 1352 4538 (67,
1365 4452 1394 4531 9,
1407 4448 1461 4536 3):
