3378 5212
820 499 894 604 ιιι

265 709 385 784 διδίναι,
420 715 455 775 ut
487 713 542 776 vix
574 733 655 796 opus
679 715 720 777 sit
743 713 807 777 alia
829 713 961 777 laudare
984 713 1132 796 exempla
1155 732 1197 777 ex
1221 712 1341 796 quibus
1365 734 1434 797 par-

264 826 409 908 ticipium
447 823 591 897 δοίείσαις
626 826 677 889 vel
709 825 876 903 διδομέναις
900 832 1009 890 nostro
1032 826 1100 890 loco
1124 827 1339 909 supplendum
1365 846 1435 891 esse

265 944 422 1021 appareat.

308 1051 555 1116 Substantivum
579 1047 764 1125 ἐξουσία
785 1055 830 1116 ita
853 1058 1042 1136 usurpatum
1064 1055 1203 1117 occurrit
1214 1053 1251 1117 ir.
1264 1054 1317 1137 64,
1333 1055 1434 1127 1εσῆς

264 1164 347 1245 παροδ
382 1169 438 1229 σῶν
461 1161 562 1229 ὅπλων
586 1161 719 1239 ἐξουσίαις
742 1170 774 1230 et
798 1165 925 1231 duobus
949 1168 1028 1230 locis
1048 1168 1235 1232 invenimus
1259 1166 1433 1232 substanti-

263 1298 340 1343 vum
379 1276 514 1358 ἰσχύν
549 1299 680 1363 nempe:
717 1280 772 1364 41,
807 1281 860 1363 32,
897 1281 934 1344 5:
970 1279 986 1352 ἦ
1021 1278 1104 1360 παροδ
1137 1283 1193 1343 τῶν
1216 1276 1317 1344 ίπίιων
1343 1280 1434 1358 ἰσχὺς

263 1389 388 1464 εὔελπίς
422 1393 501 1457 ἔστιν
532 1394 649 1476 et4l,
674 1395 728 1477 36,
753 1394 789 1457 4:
820 1402 858 1474 τῇ
885 1393 969 1474 παροδ
993 1398 1050 1456 πῶν
1073 1390 1174 1458 ίπλοον
1199 1392 1284 1473 ίσχιίι
1309 1395 1432 1474 ἐχρῆτο,

262 1505 317 1570 ubi
352 1507 513 1570 indicatur
546 1509 645 1572 robur
680 1509 767 1593 quod
804 1511 877 1592 quis
900 1509 995 1574 habet
1018 1509 1057 1572 ab
1082 1510 1190 1592 armis,
1214 1511 1262 1573 ris
1286 1528 1369 1592 quae
1393 1509 1432 1573 ab

261 1621 358 1684 armis
382 1621 478 1685 alicui
501 1621 663 1686 tribuitur.

305 1734 450 1800 Ulterius
474 1754 678 1820 progressum
704 1735 851 1800 videmus
871 1755 967 1799 usum
988 1737 1232 1819 praepositionis
1244 1735 1310 1800 fere
1322 1756 1432 1820 super-

260 1848 362 1912 fluum
386 1850 420 1912 in
445 1850 608 1913 locutione
638 1846 686 1911 σοδ
721 1847 832 1928 παροδ·
859 1852 931 1911 τῶν
961 1847 1084 1926 νόμον
1114 1844 1218 1913 citra
1250 1850 1432 1935 dequibus

260 1963 397 2046 legimus
410 1963 464 2045 56,
477 1963 508 2047 8,
518 1963 555 2026 4:
570 1961 641 2042 πρὸς
652 1967 714 2034 τοῖς
725 1958 834 2034 ἄλλοις
845 1961 968 2039 οδραίοίς
981 1969 1043 2035 τοῖς
1056 1961 1148 2044 Φιίσει
1162 1967 1317 2042 προσοῦοιν
1329 1965 1432 2037 αὐτοῖς

260 2074 312 2139 καὶ
347 2074 389 2139 ποδ
425 2074 509 2156 παροδ
544 2078 602 2139 πῶν
632 2074 724 2152 νίμιον
755 2071 924 2140 οδίλοο....
950 2073 1054 2139 ποίνπα
1077 2072 1114 2139 aia
1136 2099 1204 2140 τινα
1230 2076 1434 2156 πειίαρχῆσαί

259 2212 310 2265 μοι
335 2187 526 2266 ὑπαγάγοιτο
549 2195 685 2272 (praeter
707 2190 769 2253 alia
792 2189 958 2253 commoda
983 2209 1066 2274 quae
1089 2209 1141 2255 res
1163 2192 1226 2254 ista
1245 2196 1433 2256 suanatura

260 2322 370 2368 secum
394 2303 465 2385 fert,
486 2305 557 2386 ipsa
581 2304 678 2394 etiam
712 2302 905 2387 legibus
938 2305 1192 2387 proposita
1226 2307 1432 2389 praemia

259 2436 370 2481 omnes
393 2436 580 2501 permovere
604 2415 720 2481 debent
743 2424 780 2480 ut
804 2417 882 2480 mihi
905 2423 1066 2500 pareant);
1090 2416 1133 2479 ποδ
1158 2417 1242 2497 παροδ
1262 2420 1319 2480 πῶν
1338 2416 1431 2496 νόμον

258 2525 339 2594 οδίλα
374 2532 453 2594 nihil
489 2531 640 2595 differunt
674 2530 713 2594 ab
748 2536 810 2603 σοῖς
844 2535 901 2594 τῶν
932 2529 1024 2608 νόμον
1054 2528 1157 2603 ίοίδιοις
1180 2531 1305 2616 quibus
1326 2532 1430 2598 verbis

258 2645 442 2708 indicantur
464 2646 605 2729 praemia
628 2645 747 2728 legum,
770 2645 803 2708 id
829 2651 877 2710 eet
899 2648 1040 2729 praemia
1063 2665 1145 2729 quae
1164 2645 1290 2730 legibus
1302 2647 1428 2711 cuidam

259 2759 385 2843 dantur,
407 2761 452 2823 ita
477 2765 511 2824 ut
535 2765 641 2824 mente
660 2759 875 2843 supplendum
897 2760 1043 2823 videatur
1062 2761 1265 2844 participium
1280 2759 1428 2837 διδόμενα.

301 2873 438 2958 Propius
475 2876 570 2938 etiam
606 2874 645 2937 ad
682 2875 761 2938 meri
794 2875 929 2957 genitivi
964 2893 1061 2938 usum
1093 2874 1215 2939 accedit
1238 2876 1430 2958 praepositio

257 2984 340 3066 παροδ
362 2987 443 3052 locis
467 2989 524 3071 qui
547 2987 631 3051 infra
655 2995 853 3072 sequuntur:

303 3100 357 3184 43,
384 3102 435 3184 17,
460 3101 496 3164 5:
522 3101 575 3174 πδρν
608 3100 818 3180 πρόνοιαν
846 3099 957 3174 πνίνπε
980 3098 1335 3178 κνδεμονίανπδν
1358 3101 1428 3181 παρ’

257 3215 330 3291 ἐμοῦ
357 3213 556 3294 καρπούμενοι
585 3215 736 3294 (fructum
762 3217 923 3298 capientes
947 3234 988 3280 cx
1012 3236 1082 3280 mea
1105 3216 1309 3300 providentia
1332 3221 1429 3300 atquc

257 3347 335 3391 cura
371 3329 461 3411 mea),
497 3328 557 3391 ubi,
575 3329 767 3412 praepositio
790 3329 900 3393 eedem
924 3328 990 3392 fere
1013 3330 1083 3393 vice
1104 3328 1252 3413 fungitur
1274 3335 1372 3413 atque
1394 3333 1428 3393 in

257 3441 419 3506 locutione
443 3442 460 3516 ἡ
485 3439 669 3522 repatriare
693 3439 799 3515 εὔνοια,
825 3444 902 3526 quia
921 3448 1029 3508 nostro
1044 3462 1173 3528 quoque
1185 3444 1256 3507 loco
1269 3442 1429 3521 κηδεμονία

256 3554 428 3640 abaliquo
452 3558 492 3622 ad
515 3558 614 3620 alium
639 3555 797 3640 proficisci
821 3557 987 3641 cogitetur.
1061 3547 1064 3552 ’

303 3670 356 3754 65,
392 3671 424 3753 8,
460 3671 510 3734 3²:
547 3669 581 3733 τδ
616 3668 755 3751 Φρίνιμον
786 3669 879 3732 αὐτοῦ
904 3668 975 3748 πρδς
999 3667 1162 3747 ἐπιθυμίαν
1186 3673 1272 3751 σφοῖς
1296 3665 1351 3748 ἦγε
1373 3678 1428 3745 τῆς

257 3783 328 3863 παρ’
354 3784 447 3847 αὐτοῦ
479 3782 790 3864 προστατείας
812 3784 995 3866 (prudentia
1018 3785 1089 3849 eius
1111 3783 1289 3849 adducebat
1312 3803 1367 3849 eos
1392 3793 1428 3850 ut

256 3916 291 3961 se
322 3897 361 3960 ab
394 3916 431 3961 eo
460 3899 528 3980 regi
552 3901 718 3980 cuperent)
743 3895 861 3980 quibus
887 3897 993 3962 verbis
1017 3898 1180 3961 indicatur
1203 3897 1220 3969 i
1245 3898 1427 3978 προστασεία

256 4011 489 4092 (patrocinium,
524 4014 612 4091 cura)
648 4030 731 4095 quae
764 4010 835 4090 παρ’
867 4010 958 4074 αὐτοῦ
984 4013 1139 4096 originem
1163 4011 1285 4076 ducens
1309 4013 1349 4076 ad
1372 4032 1427 4078 eos

256 4122 443 4206 pertinebat.

301 4233 338 4300 fr.
363 4237 417 4320 43,
439 4239 475 4300 6:
504 4235 653 4317 αὔταρκες
673 4234 734 4318 ἔφη
759 4235 917 4317 μαρτύριον
939 4236 993 4309 τὴν
1017 4237 1131 4309 σιωπὴν
1155 4238 1227 4318 παρ’
1247 4237 1427 4318 ἀμφοτέρων

257 4345 337 4426 ἔχειν
359 4350 453 4430 (dixit
477 4369 511 4414 se
534 4352 611 4414 satis
626 4351 799 4414 testimonii
811 4349 928 4414 habere
941 4352 1221 4434 utriusquepartis
1234 4352 1425 4433 silentium);

255 4463 315 4527 hoc
351 4464 419 4542 loco
452 4465 721 4547 praepositionem
758 4462 842 4543 παροδ
876 4483 949 4528 cum
980 4464 1182 4530 substantivo
1212 4463 1326 4537 σιαπδν
1357 4485 1428 4532 esse
