3400 5212
830 525 873 590 46

310 714 420 781 εόνοιαν
442 738 474 778 π.
501 718 558 778 τῶν
582 712 755 794 ἀρχομένων
779 709 816 775 όιν
839 709 951 790 λοίβοις
976 712 1028 791 tt,
1053 713 1083 790 8,
1109 713 1146 791 2;

311 828 394 910 παρόι
418 833 475 892 τῶν
499 825 604 892 όιλλοιν
627 825 765 899 ε’παίνοιις
789 841 819 890 λ.
844 827 898 904 46,
923 826 978 903 49,
1003 825 1041 906 5;
1065 823 1119 904 47,
1144 823 1196 902 61,
1221 825 1259 904 4;

309 942 376 1007 τινόι
401 966 435 1005 π.
460 945 512 1005 τοῦ
536 939 686 1018 δαιμονίου
711 940 846 1019 χρηστὴν
869 937 989 1002 ἐλπίδα
1013 951 1043 1001 λ.
1070 939 1123 1016 37,
1145 938 1249 1017 35,4;
1263 938 1316 1014 47,
1331 937 1437 1016 6],4;

310 1057 363 1129 τὴν
386 1053 551 1136 μαρτυρίαν
574 1062 629 1129 τῆς
652 1054 759 1133 αρετῆς
783 1051 868 1133 παρόν
891 1050 1020 1115 οὶκόντων
1045 1055 1130 1132 σφῶν
1154 1066 1183 1115 λ.
1210 1053 1263 1129 82,
1289 1051 1326 1131 13

310 1168 394 1250 κε’ρδν
420 1192 454 1231 π.
476 1166 583 1231 ἐκείνου
608 1182 637 1230 λ.
665 1167 716 1245 78,
742 1168 772 1245 9,
797 1168 816 1227 2
840 1166 909 1246 (ubi
929 1166 1124 1231 abstractum
1145 1163 1438 1245 us'pdocferesimile

265 1303 335 1350 5555
357 1284 486 1349 videtur
509 1287 658 1347 concreto
681 1280 778 1360 δώρῳ).

309 1397 362 1462 Sic
397 1415 527 1481 quoque
561 1395 664 1460 555155
699 1395 875 1459 voluntatis
910 1393 1100 1478 significatio
1132 1393 1288 1476 accipitur
1318 1409 1439 1474 equo-

266 1513 455 1577 demeum:

311 1625 398 1705 όργίρν
424 1621 508 1704 παροί
531 1646 608 1696 τινος
632 1619 790 1699 λαμβιίνει
814 1621 901 1705 quod
925 1620 1079 1685 habemus
1104 1623 1156 1698 52,
1182 1624 1212 1697 8,
1238 1621 1273 1699 6;

307 1738 518 1803 Locutionem
553 1736 637 1810 διαδρν
662 1733 746 1815 παριί
770 1758 846 1807 τινος
871 1735 980 1812 λαβεῖν
1003 1739 1150 1819 (poenam
1174 1734 1214 1797 56
1238 1733 1348 1817 aliquo
1371 1732 1439 1796 exi·

263 1854 349 1936 gere)
372 1850 458 1934 apud
481 1851 600 1915 multos
625 1851 796 1934 scriptores
820 1850 854 1912 15
880 1868 941 1913 555
961 1849 1294 1932 essenemoignorat3
1308 1844 1438 1932 Cassius

266 1983 394 2050 quoque
428 1967 556 2049 saepius
591 1963 738 2028 adhibuit
771 1963 857 2047 quod
891 1967 979 2046 55151
1014 1980 1056 2027 ex
1086 1962 1244 2045 exemplis
1276 1980 1360 2044 quae
1389 1962 1438 2024 15-

267 2081 434 2144 venimus:

309 2193 364 2272 45,
389 2195 442 2271 25,
466 2193 502 2271 2;
527 2193 581 2269 45,
607 2192 659 2270 25,
685 2192 704 2254 6
728 2188 817 2271 (615);
843 2190 897 2268 46,
922 2191 952 2268 3,
979 2191 1017 2270 l;
1042 2191 1096 2269 46,
1123 2190 1174 2268 16,
1201 2192 1238 2272 3;
1265 2188 1316 2268 59,
1341 2188 1438 2267 66,2

265 2306 359 2382 (Ρ515.
382 2305 496 2386 Ρ515.1;
525 2307 578 2382 62,
604 2306 635 2383 9,
660 2307 688 2368 2.

308 2418 443 2485 Restant
465 2419 641 2483 555551155
664 2418 819 2483 dictiones
843 2419 952 2482 minus
976 2418 1129 2481 usitatae:

310 2532 367 2606 τοὶς
401 2530 543 2610 δυνόμεις
576 2532 647 2612 παρ’
685 2532 782 2596 αὐτῶν
819 2529 930 2607 ἔλαβον
964 2531 1061 2612 (vires
1097 2528 1137 2594 56
1170 2531 1212 2595 iis
1236 2536 1440 2614 5555555551,

267 2647 388 2732 quibus
422 2652 532 2731 555155
565 2647 798 2731 promissorum
834 2644 926 2709 obliti
956 2646 990 2708 in
1021 2645 1110 2728 15555
1134 2662 1189 2709 555
1213 2648 1362 2725 5155155)
1385 2645 1438 2722 41,

269 2761 320 2838 16,
345 2761 380 2841 2;
406 2779 545 2845 quocum
569 2759 751 2824 conferetur
775 2761 828 2837 44,
852 2760 906 2838 42,
932 2758 969 2839 6;
994 2756 1050 2822 561
1074 2759 1245 2822 555155515
1265 2762 1440 2822 occurrunt

267 2872 394 2951 δύναμις
428 2870 593 2953 ἀξιόχρεως
628 2878 724 2957 atque
760 2873 912 2952 χρήματα
943 2868 1079 2951 αὐτοίρκκ
1112 2870 1183 2951 παρ’
1217 2870 1298 2947 ὑμῶν
1323 2870 1438 2949 λαβών,

267 2987 324 3053 561
358 2986 517 3072 significat
548 2988 723 3066 Antonius,
755 2984 921 3051 Caesarem
947 3004 1053 3069 neque
1076 2987 1178 3050 155155
1202 2985 1310 3068 555155
1333 3003 1439 3069 neque

266 3100 478 3166 sufficientem
502 3103 674 3186 pecuniam
698 3120 716 3164 5
739 3099 893 3165 Romanis
913 3101 1085 3184 555551555.Ι

311 3215 400 3279 Idem
435 3214 502 3280 1555
537 3212 693 3279 hebemus
726 3215 759 3277 in
797 3215 849 3292 61,
882 3216 912 3292 2,
946 3217 984 3276 4:
1007 3212 1098 3292 ἰσχὺν
1123 3210 1207 3292 παροί
1231 3235 1283 3276 τον
1307 3210 1440 3292 γέροντος

267 3327 408 3406 μενόλκν
431 3325 566 3407 λείψεται
589 3326 706 3408 (Nero).

311 3445 365 3521 44,
402 3443 454 3521 26,
493 3442 508 3503 l
543 3441 653 3522 (verbs
688 3439 862 3522 Ciceronis)
895 3442 1052 3506 oratorios
1074 3442 1158 3505 dicta
1181 3439 1259 3504 haec
1282 3438 1438 3523 legimus:

269 3552 405 3635 ὑπάρχει
441 3554 497 3633 μὲν
531 3547 578 3618 οὖν
614 3554 685 3633 ὑμῖν
719 3554 808 3628 τοῦθ’,
842 3551 913 3635 όπερ
948 3549 1041 3627 εἷπον,
1072 3551 1178 3618 οίκοίεν
1202 3551 1253 3616 καὶ
1279 3551 1363 3632 παρόν
1383 3556 1441 3616 τῶν

270 3666 415 3749 προγόνων
450 3667 597 3745 λαβοῦσιν
628 3668 711 3748 όρόῶς
736 3666 969 3746 βουλεύσασθαι·
994 3668 1114 3752 quibus
1138 3667 1245 3732 verbis
1268 3667 1440 3750 respicitur

267 3783 308 3846 ed
345 3784 565 3865 praecedentis
600 3784 712 3866 capitis
744 3781 851 3862 verba,
887 3781 945 3847 ubi
979 3788 1084 3847 oretcr
1119 3783 1158 3847 de
1194 3779 1440 3861 παραδείγμασιν

269 3893 383 3968 οἰκείοις
407 3914 586 3960 sermonem
610 3895 701 3974 facit3
729 3896 806 3961 haec
828 3899 938 3980 itaque
958 3896 1106 3979 exempla
1127 3895 1439 3960 domesticcamaio·
1477 3941 1480 3952 .
1520 3877 1524 3884 ⁸

268 4009 360 4074 ribus
383 4015 511 4093 5555515
534 4007 714 4073 adhibenda
737 4014 814 4073 5551
835 4009 875 4072 115
898 4010 932 4071 15
957 4008 1100 4072 555511115
1124 4009 1296 4092 capiendis.

316 4123 366 4202 78,
392 4124 422 4201 9,
448 4125 466 4185 2
491 4123 531 4210 de
555 4120 711 4188 militibus
734 4123 811 4186 haec
831 4123 985 4206 legimus:
1006 4117 1234 4214 Tiefipivneie
1247 4121 1441 4195 destiterim

271 4235 353 4315 παρόι
386 4240 437 4300 τοῦ
469 4235 620 4316 Μακρίνον
652 4236 801 4316 λήψεσθαι
827 4236 889 4316 (οὐκ
914 4232 1046 4316 ἔτυχον),
1071 4239 1128 4299 τῶν
1152 4235 1183 4298 δὲ
1207 4236 1241 4308 δὴ
1266 4236 1379 4317 κερδῶν,
1404 4231 1441 4298 ὧν

271 4349 341 4428 παρ’
367 4347 474 4412 ἐκείνου
498 4348 683 4428 ε’λοίμβανον,
708 4349 898 4429 (στερόμενοι)
922 4373 951 4412 κ.
965 4373 994 4412 τ.
1008 4349 1030 4411 ἑ.

315 4463 520 4529 05551551155
541 4464 711 4530 verborum
731 4465 1012 4530 animadvertenda
1032 4465 1237 4530 5516155515
1257 4464 1440 4546 555565115;

689 4804 979 4896 ἒ
