3378 5212
824 449 829 458 ’
860 480 923 544 156

304 666 464 753 γενέοίοιν).
495 669 623 732 Anien.
658 666 780 754 (Anah,
817 671 846 749 1,
871 670 924 748 22,
949 665 1002 752 7):
1040 668 1109 746 παρ’
1140 666 1238 744 ὀλίγον
1268 663 1336 740 ἧκεν
1364 667 1477 730 ἁλῶναι

305 785 322 857 ἡ
346 781 441 855 πόλις.

349 895 481 961 Cassius
514 893 576 960 Dio
610 895 661 960 bis
691 895 825 960 eandem
861 896 1030 979 usurpavit
1064 894 1260 960 locutionem
1283 896 1354 975 παρ’
1368 873 1478 973 ’ὀλίγον
1563 946 1566 950 .

304 1007 396 1071 ἐλόεῑν
415 1015 571 1093 sequente
593 1008 766 1091 infinitivo,
790 1026 920 1092 nempe:

347 1121 384 1184 fr.
410 1122 462 1204 72,
489 1123 525 1185 1;
550 1121 619 1194 τοὺς
641 1120 781 1202 πρέσβεις
804 1121 874 1200 παρ’
898 1119 997 1196 ὀλίγον
1020 1114 1104 1193 ἦλθον
1127 1121 1311 1184 ὀποκτεῑνονν.

348 1235 402 1317 48,
434 1237 466 1316 9,
498 1238 535 1299 2:
559 1235 648 1299 adria
671 1236 775 1299 ἐκεῖνον
800 1235 870 1314 παρ’
894 1233 996 1311 ὀλίγον
1019 1228 1104 1309 ἧλίον
1126 1235 1369 1314 termimum.
1403 1235 1477 1299 Sue-

303 1350 378 1432 pius
409 1367 528 1414 meram
563 1349 758 1414 locutionem
793 1348 862 1427 noep'
901 1346 1000 1425 ὀλίγον
1034 1368 1099 1412 non
1130 1348 1239 1412 addito
1264 1348 1362 1413 verbo
1384 1349 1478 1412 ἒλόεῑν

302 1461 459 1545 adhibuit,
481 1461 522 1526 de
547 1481 612 1546 quo
635 1482 735 1547 supra
760 1462 909 1526 vidimus.

348 1575 421 1640 Non
455 1580 560 1640 exstat
582 1577 668 1661 apud
692 1574 839 1640 Cassium
866 1593 946 1639 usus
969 1594 1065 1658 quem
1090 1576 1218 1658 saepius
1241 1573 1400 1655 Polybius
1423 1576 1479 1639 ad-

303 1690 417 1772 hibuit,
440 1708 640 1775 praepouens
662 1689 823 1753 infinitivo
846 1689 973 1752 articuli
995 1690 1185 1772 genitivum,
1208 1707 1234 1752 e.
1254 1709 1284 1772 g.
1308 1691 1340 1769 2,
1364 1689 1417 1771 55,
1438 1691 1476 1753 4:

304 1805 373 1885 παρ’
405 1803 503 1882 ὀλίγον
526 1797 595 1876 ἦλόε
618 1808 669 1868 τοῦ
693 1804 838 1876 ἐκπεσεῖν,
862 1803 901 1867 of.
928 1804 978 1886 10,
1005 1805 1056 1884 12,
1083 1804 1141 1884 113
1166 1822 1249 1886 quae
1273 1803 1371 1867 verbe
1389 1804 1478 1888 apud

303 1916 481 1983 Diodorum
506 1936 636 2002 quoque
658 1918 811 2002 leguntur
837 1918 888 2000 17,
911 1918 965 1998 42,
990 1918 1027 1998 43
1056 1918 1106 1998 18,
1132 1920 1162 1998 2,
1187 1919 1225 1996 6;
1251 1919 1477 1999 30,1,5;33,

304 2033 335 2114 2,
363 2029 415 2117 1),
446 2030 516 2112 παρ’
541 2029 622 2093 οὐδὲν
645 2028 774 2102 ε’λόὀννες
797 2033 849 2092 τοῦ
872 2027 1041 2106 ἀποβαλεῖν
1065 2028 1233 2109 ἐκροίονοοιν
1256 2027 1304 2113 (1,
1330 2031 1384 2114 45,
1410 2029 1478 2117 14).

349 2145 412 2212 Sed
435 2149 498 2210 ianr
524 2147 601 2209 satis
624 2145 664 2209 de
687 2144 775 2209 hisee
798 2144 1025 2210 locutionibus.

348 2369 367 2451 ᾗ
394 2371 422 2433 8.
446 2369 515 2433 Iam
550 2375 649 2435 restat
684 2375 721 2434 ut
756 2369 902 2433 dieamus
938 2369 977 2434 de
1011 2389 1047 2434 ea
1072 2372 1104 2433 vi
1126 2371 1371 2454 praepositionis
1395 2368 1477 2448 παρὰ

303 2503 368 2566 qua
392 2484 470 2568 quid
494 2490 619 2568 praeter
636 2483 718 2547 fines
741 2483 880 2548 uliouius
903 2485 948 2548 rei
966 2483 1035 2547 fieri
1055 2485 1271 2568 significatum
1285 2485 1477 2569 plerumque

304 2616 356 2661 res
380 2598 420 2662 ud
443 2599 587 2662 animum
614 2598 809 2681 pertinentes
829 2598 1043 2680 notionesqne
1062 2599 1263 2662 continentes
1277 2616 1476 2681 quaemores

303 2716 457 2795 spectant,
492 2712 580 2777 velut
615 2709 735 2784 δίκαιον,
769 2709 903 2785 ὀλνίόενον,
927 2710 1043 2788 γνώμη,
1068 2711 1148 2787 νόμον
1173 2730 1198 2774 e.
1212 2731 1248 2793 a,
1271 2712 1359 2775 unde
1381 2711 1418 2776 fit
1439 2717 1477 2775 ut

304 2825 361 2908 qui
391 2826 505 2889 harum
542 2844 649 2890 rerum
684 2823 765 2889 fines
799 2826 949 2908 praeterit
983 2824 1064 2889 fines
1095 2827 1174 2889 reoti
1197 2830 1229 2889 et
1252 2827 1319 2889 veri
1343 2829 1375 2889 et
1398 2827 1477 2889 iusti

304 2940 475 3023 praeterire
508 2938 659 3022 fingatur.
696 2936 776 3001 Cum
808 2944 916 3003 autem
947 2938 1170 3022 praetereundi
1194 2939 1306 3003 sensui
1329 2941 1477 3024 proxime

304 3053 346 3115 sit
368 3052 537 3116 aberrandi
560 3052 659 3134 notio,
681 3053 875 3136 praepositio
899 3049 982 3131 πορόν
1005 3052 1134 3134 indicat,
1158 3054 1290 3117 alteram
1312 3072 1380 3118 rem
1400 3073 1476 3118 oum

303 3165 402 3229 altera
424 3184 489 3229 non
514 3167 695 3248 convenire,
719 3185 760 3230 ex
784 3186 849 3250 qno
873 3164 1063 3249 significatio
1087 3172 1252 3231 eontra
1276 3169 1386 3232 oritur.

347 3278 395 3344 Eo
430 3280 524 3344 modo
547 3281 739 3364 praepositio
762 3278 844 3359 πονρόν
869 3280 997 3363 saepius
1021 3299 1094 3344 oum
1119 3283 1301 3346 accusativo
1326 3281 1475 3346 substan-

303 3395 443 3458 tivorum
467 3395 616 3477 occurrit,
639 3395 744 3458 rarius
763 3413 837 3476 oum
861 3394 1093 3458 adieetivorum
1118 3400 1232 3459 neutro
1251 3415 1475 3480 genereusur·

304 3513 450 3591 potorum
470 3509 670 3572 ¹accusativo
705 3509 915 3571 ooniunotum
951 3507 1078 3591 legitur,
1110 3527 1345 3593 nonnunquam
1378 3510 1476 3573 etiam

303 3641 377 3686 oum
412 3627 526 3687 neutro
561 3623 721 3706 participii
755 3621 934 3685 cuiusdam.
968 3621 1172 3702 Thucydides
1206 3625 1368 3687 rarissime
1399 3643 1474 3687 oum

302 3734 463 3799 infinitivo
486 3735 593 3799 addito
616 3733 752 3799 articulo
776 3735 948 3798 coniunxit
970 3731 1013 3820 (Ι.
1038 3735 1091 3815 77,
1116 3734 1296 3814 tmepore
1310 3733 1475 3811 μὴοίεοίονν

303 3856 498 3928 miram...
534 3853 645 3912 oontre
679 3867 790 3913 eorum
827 3849 1028 3929 sententiam,
1063 3867 1128 3910 non
1164 3855 1397 3932 oportere...,
1422 3853 1476 3915 oui

304 3962 451 4047 exemplo
488 3962 703 4027 conferendus
738 3967 787 4026 est
817 3963 897 4027 alter
919 3962 1010 4026 locus
1029 3960 1053 4025 Ι.
1078 3963 1130 4044 84,
1155 3965 1192 4026 2:
1217 3961 1299 4042 rapot
1321 3963 1354 4026 ri
1376 3963 1476 4028 δοκοῦν

306 4077 379 4152 ἡμῖν
401 4081 511 4140 eontra
534 4082 677 4141 nostram
702 4072 911 4161 opinionem).

349 4187 508 4254 Dabimus
542 4189 689 4274 exemplu
722 4188 845 4254 Dionea
881 4209 964 4274 quae
999 4192 1159 4273 permulta
1179 4198 1257 4256 sunt
1280 4190 1400 4275 quibus
1424 4194 1477 4256 hio

304 4303 371 4367 illio
394 4303 550 4368 addemus
573 4304 780 4387 comparandi
803 4323 901 4368 causa
924 4305 1062 4370 aliorum
1086 4307 1278 4389 scriptorum
1302 4306 1406 4370 locos:

349 4414 528 4502 o)Addito
562 4415 981 4482 substantivorum
1017 4420 1217 4483 accusativo:
1387 4415 1389 4418 ’
