3378 5222
688 1431 983 1506 PRAEFATIO.

741 1730 935 1740 ——...

285 1971 455 2048 Antequam
474 1969 656 2047 propositum
676 1974 809 2028 nostrum
829 1969 1028 2046 aggredimur,
1049 1970 1264 2047 praemonenda
1285 1971 1427 2048 quaedam

245 2089 386 2150 videntur
416 2087 452 2146 de
483 2087 688 2164 oompositione
718 2086 849 2164 opusculi
880 2086 972 2164 deque
1002 2086 1053 2146 ria
1083 2106 1117 2146 aa
1147 2088 1261 2147 ratione
1288 2107 1376 2165 quam
1397 2089 1428 2148 in

245 2206 346 2266 libello
366 2204 561 2282 oompuuendo
582 2205 710 2263 iniimus.

285 2323 418 2382 armum
438 2341 476 2381 οι
497 2319 589 2381 cami
606 2320 709 2380 osona
719 2320 858 2379 ffiseuu
867 2321 1008 2380 naam
1022 2299 1431 2383 -musviro'uasarmo

245 2441 284 2501 U.
306 2440 362 2499 Pu.
385 2440 566 2498 Romnum
598 2437 729 2496 Berolini
759 2437 837 2514 apud
872 2437 998 2498 Weidm.
1032 2440 1228 2498 1895-1901
1260 2474 1300 2482 -
1331 2459 1431 2501 omnes

244 2558 323 2616 looos
360 2557 468 2634 quibus
505 2555 680 2633 praepositio
713 2555 797 2634 παρὰ
827 2556 1006 2630 ooourrebat,
1038 2556 1262 2634 exsoripsimus;
1294 2559 1430 2635 exempla

245 2679 344 2734 antem
375 2673 412 2733 ad
441 2693 534 2732 unum
564 2674 671 2747 omnia,
699 2673 754 2731 nisi
775 2691 851 2749 quae
871 2672 975 2733 invitia
996 2674 1080 2733 nobis
1099 2680 1187 2751 atque
1208 2675 1305 2734 inseiis
1326 2676 1432 2735 omissa

245 2796 324 2867 suut,
356 2791 511 2850 attulimus
542 2795 572 2850 et
597 2791 641 2849 ita
661 2790 871 2864 ordinavimus,
892 2795 927 2849 ut
948 2796 1068 2868 propter
1088 2791 1188 2850 varias
1208 2793 1431 2868 praepositionis

249 2909 334 2989 παρὰ
355 2908 581 2985 significationes
600 2907 781 2967 eommodum
801 2913 890 2984 atque
911 2908 985 2967 utile
1005 2908 1170 2968 videbatur.
1189 2909 1327 2987 Exempli
1337 2910 1431 2969 instar

244 3027 328 3086 uobis
359 3025 417 3084 fuit
446 3025 502 3084 hae
531 3025 563 3083 in
583 3043 615 3084 re
638 3023 796 3102 disputatio
816 3024 876 3084 viri
896 3024 973 3083 docti
993 3025 1027 3084 F.
1049 3025 1088 3084 H.
1109 3025 1177 3084 Rau
1201 3026 1264 3102 ,De
1287 3027 1431 3104 praeposi·

245 3144 332 3204 tionis
354 3141 439 3223 παρὰ
459 3141 534 3201 usu”
555 3160 642 3219 quam
663 3142 789 3218 legimns
808 3141 839 3200 in
859 3141 935 3201 libro
956 3143 1003 3200 oui
1023 3161 1129 3202 nomen
1150 3147 1194 3202 est
1216 3141 1356 3220 „Studien
1377 3163 1431 3204 nur

245 3259 454 3323 Grieohisohen
476 3260 536 3319 und
556 3257 759 3319 Lateinisohen
780 3258 977 3334 Grammatik,
1000 3259 1237 3337 herausgegeben
1254 3280 1313 3320 von
1332 3260 1430 3339 (deorg

246 3377 392 3439 Curtiue'’
418 3377 483 3457 (Βά.
510 3377 568 3436 ΙΠ.
589 3377 719 3454 Leipzig.
739 3376 850 3436 Hirael.
875 3376 973 3454 1870),
994 3377 1041 3436 oui
1061 3377 1251 3455 disputationi
1272 3411 1311 3424 -κ
1332 3379 1433 3440 dootae

245 3507 275 3559 et
305 3502 466 3572 accuratae,
498 3501 533 3556 ut
563 3495 636 3554 mihi
666 3495 786 3554 videtur
807 3529 846 3538 -
867 3494 1003 3571 qnoniam
1033 3495 1158 3554 multum
1179 3495 1278 3569 debeo,
1296 3502 1431 3556 aoourate

227 3614 367 3719 qindicari
390 3617 503 3691 oportet
523 3631 582 3690 qua
602 3612 633 3669 iu
654 3629 686 3669 re
706 3610 806 3669 virum
824 3610 940 3670 doctum
960 3611 1024 3671 Rau
1045 3612 1127 3689 sequi
1137 3612 1290 3672 noluerim.
1302 3611 1332 3671 Is
1343 3614 1431 3690 enim,

244 3731 322 3808 quod
342 3730 429 3789 multi
449 3730 581 3790 feserunt
602 3728 661 3788 viri
682 3728 759 3787 dooti
779 3726 883 3803 quiin
903 3726 982 3786 hisee
1001 3727 1105 3790 studiis
1122 3729 1233 3789 versati
1245 3731 1430 3808 suntprimo

245 3848 341 3924 eapite
371 3847 434 3924 agit
465 3846 500 3906 de
528 3845 741 3924 praepositione
775 3845 859 3925 παρὰ
886 3864 951 3904 oum
971 3846 1103 3923 genitivo
1124 3846 1287 3922 ooniunotu,
1305 3847 1429 3908 seeundo

245 3968 343 4023 autem
375 3965 469 4042 eapite
499 3963 676 4042 praepositio
708 3963 793 4043 παρὰ
825 3982 890 4022 oum
919 3962 1019 4022 dativo
1040 3962 1174 4038 ooourrit,
1197 3963 1430 4042 tertionenique

245 4080 340 4157 eapite
369 4100 463 4140 sermo
494 4086 537 4142 eet
569 4081 604 4142 de
635 4083 847 4161 praepositione
880 4079 964 4160 expe
995 4100 1060 4140 oum
1082 4079 1248 4140 accusativo
1268 4079 1428 4140 ooniunote.

244 4196 394 4256 Postremo
415 4197 497 4256 addit
519 4198 654 4275 ,Partem
676 4196 900 4273 Posteriorem”,
922 4198 973 4257 ubi
995 4197 1056 4274 agit
1076 4196 1112 4255 de
1131 4215 1186 4254 usu
1207 4195 1431 4273 praepositionis

250 4314 334 4394 παρὰ
352 4314 384 4372 in
405 4315 556 4375 vocabulis
577 4317 749 4395 compositis.
772 4317 832 4374 Nos
853 4320 960 4391 autem,
982 4315 1017 4373 de
1035 4332 1089 4373 usu
1107 4313 1199 4392 ipsius
1209 4311 1429 4391 praepositionis

249 4432 333 4514 παρὰ
353 4453 417 4494 oum
436 4433 560 4492 nominis
578 4452 646 4491 oasu
664 4431 833 4491 ooniunotae
847 4435 962 4490 tantum
973 4429 1056 4489 modo
1075 4429 1252 4508 disputaturi
1269 4432 1430 4488 extremam
