3400 5212
802 508 864 572 105

292 697 317 761 οἱ
340 684 522 779 arianam
548 701 601 783 71,
627 701 679 782 10,
701 699 740 778 4,
766 698 818 780 71,
842 698 874 780 3,
900 697 938 776 3,

291 809 317 872 οἱ
339 811 621 890 συυοοσελγοοίυουτες
643 811 725 888 abaci
751 812 803 895 79,
829 810 880 892 19,
905 810 943 888 3,

291 921 305 985 ί
326 924 551 1006 ἑκατοντάρχης
575 925 628 1010 68,
654 928 706 1010 12,
730 925 768 1004 5,

291 1035 305 1100 o‘
328 1039 467 1113 αὐλητής
488 1040 526 1104 fr.
551 1042 604 1124 85,
630 1040 675 1120 2,

207 1133 210 1139 ’
292 1150 522 1236 Cognatiunam
546 1155 722 1218 indicantia
746 1152 896 1215 nomina:

291 1264 428 1346 ὁποοσοίρ
454 1269 506 1351 78,
532 1268 584 1351 10,
611 1269 647 1346 1,
672 1266 726 1349 57,
752 1264 804 1348 18,
830 1265 882 1342 14,

291 1378 397 1460 ὂοὶυήρ
422 1382 475 1464 54,
500 1382 553 1465 24,
577 1382 614 1461 4,

293 1494 309 1564 ἡ
335 1493 463 1573 naasion
489 1495 542 1576 59,
567 1497 599 1578 2,
619 1494 658 1574 4,

293 1605 319 1668 οἱ
341 1613 497 1685 συγγενεῖς
521 1609 574 1692 56,
599 1608 652 1690 35,
679 1608 714 1686 1,
752 1597 755 1604 ’

294 1719 483 1805 Sequuntur
505 1723 700 1786 locutiones:

293 1855 326 1896 π.
351 1833 417 1897 θεῶν
443 1833 494 1897 uui
518 1830 673 1914 ἀνθρώπων
696 1832 732 1896 fr.
757 1833 810 1915 36,
837 1831 894 1911 17,

296 1969 330 2008 π.
355 1950 412 2010 τῶν
436 1948 502 2011 θεῶν
526 1948 580 2031 50,
604 1948 635 2030 8,
662 1948 698 2027 1,

296 2083 330 2123 ar.
356 2064 413 2124 τῶν
435 2059 591 2141 ἀνθρώπων
614 2061 669 2144 47,
692 2059 746 2142 40,
771 2059 807 2137 5,

294 2196 326 2237 π.
352 2175 414 2238 θεοῦ
440 2174 492 2257 71,
516 2174 548 2258 8,
574 2175 610 2254 1,,

295 2310 328 2352 π.
354 2290 405 2356 τοῦ
430 2285 504 2351 ίείου
530 2289 582 2371 74,
608 2289 638 2371 7,
665 2289 700 2368 7,

295 2401 541 2486 Magistratuum
564 2404 712 2466 nomina:

270 2513 317 2578 ὀἱ
341 2513 450 2581 ὕπατοι
474 2514 512 2580 fr.
537 2518 590 2599 89,
615 2516 654 2596 4,

295 2629 448 2710 δήμαρχοί
470 2654 547 2704 τίνες
571 2632 624 2712 39,
647 2631 701 2713 39,
725 2631 763 2709 2,

295 2762 364 2828 opp.
389 2743 506 2819 ἰδιώτης
530 2746 583 2828 61,
609 2745 639 2826 7,
663 2746 700 2824 3,

295 2967 326 3052 5)
363 2967 652 3034 Conventus:

295 3104 327 3145 π.
353 3087 405 3146 τοῦ
429 3082 525 3160 δήμου
545 3083 599 3166 44,
626 3084 677 3165 11,
701 3083 738 3161 3,
764 3082 817 3164 53,
842 3082 895 3165 12,
922 3082 957 3161 1,

293 3219 335 3260 σε
352 3199 409 3260 τῶν
432 3193 545 3260 σίλευυ
568 3195 622 3279 48,
646 3197 700 3278 42,
726 3195 764 3275 4,

293 3332 326 3372 π.
351 3318 406 3385 τῆς
430 3310 545 3388 βουλῆς
569 3311 621 3392 36,
647 3311 701 3393 44,
724 3310 763 3391 4,
789 3310 842 3392 52,
866 3310 920 3392 35,
947 3311 982 3389 1,
1007 3309 1061 3392 49,
1089 3309 1140 3392 16,
1167 3310 1202 3388 1,
1230 3309 1281 3391 79,
1308 3309 1360 3391 18,
1381 3309 1418 3388 5,

250 3423 302 3507 68,
327 3424 380 3508 28,
405 3426 443 3504 3,
468 3425 521 3508 37,
546 3424 599 3507 26,
626 3425 661 3503 1,
686 3425 740 3506 53,
764 3424 818 3507 33,
843 3424 880 3502 2,
906 3423 959 3506 69,
983 3424 1014 3506 2,
1038 3424 1076 3502 2,

295 3560 327 3600 π.
353 3542 408 3610 τῆς
430 3534 585 3617 γερουσίοος
609 3537 662 3619 53,
688 3537 740 3619 12,
766 3537 804 3616 1,

293 3673 326 3713 a.
360 3655 414 3714 τοῦ
444 3649 585 3728 δημοσίου
616 3649 715 3733 (idam
746 3649 812 3714 fara
844 3650 930 3733 quod
966 3671 998 3710 π.
1024 3651 1076 3712 τοῦ
1100 3648 1196 3726 δήμου
1218 3648 1355 3733 publiea,
1379 3667 1421 3712 ax

250 3766 372 3829 aerario
395 3764 474 3849 fara)
497 3764 550 3848 54,
577 3764 628 3847 17,
653 3765 692 3843 4,

213 3883 217 3894 “
294 3901 328 3940 π.
354 3881 406 3942 τοῦ
430 3876 638 3957 βουλευτηρίου
662 3877 695 3961 (i.
708 3896 733 3941 e.
759 3899 793 3939 π.
816 3879 873 3940 τῶν
886 3874 1071 3960 βουλευτῶν)
1084 3877 1137 3960 69,
1152 3876 1204 3959 15,
1217 3877 1254 3956 2,
1270 3876 1324 3959 68,
1337 3877 1369 3959 9,
1384 3877 1420 3956 7,

293 4104 323 4186 ο)
356 4101 445 4166 Ras
488 4119 571 4185 quaa
605 4105 773 4184 tamquam
807 4117 963 4182 personae
996 4102 1143 4162 auctores
1178 4099 1314 4163 actionis
1351 4117 1421 4163 asae

250 4217 435 4302 finguntur:

297 4353 331 4393 π.
356 4337 412 4405 τῆς
434 4333 541 4408 ψυχῆς
564 4326 601 4390 fr.
626 4327 679 4411 36,
706 4327 765 4407 11,

298 4441 670 4524 σ.τῆςσύχος52,3,
696 4441 731 4522 1,
