3400 5212
824 511 867 574 4⁷

261 695 345 777 κέρδκ
380 701 486 762 autem
524 695 696 775 λαμβάνειν
726 694 811 778 παρά
835 720 912 770 τινος
935 695 989 779 (de
1012 717 1076 780 qua
1099 696 1238 762 dictione
1261 699 1326 763 iam
1351 700 1433 765 vidi-

260 810 347 894 mus)
376 816 462 874 recte
492 811 556 875 dici
579 815 694 894 potest,
718 811 796 895 quia
819 810 885 875 iere
908 809 984 889 δῶρα
1007 809 1231 895 significantur
1254 830 1337 896 quae
1360 816 1434 897 quis

260 946 277 989 a
300 925 382 989 duce
404 925 537 1008 accipit3
560 942 618 1008 per
640 924 821 1008 analogiam
843 925 955 1009 itaque
978 924 1057 989 mihi
1079 924 1202 990 dictum
1221 925 1434 991 essevidetur

260 1038 313 1112 τὴν
336 1037 446 1117 εἰρήνην
470 1036 554 1118 παρά
577 1060 654 1110 τινος
677 1035 859 1116 λαμβάνειν.

304 1151 397 1216 Unus
419 1156 566 1236 superest
588 1151 682 1216 locus
704 1151 744 1216 de
767 1170 832 1236 quc
857 1151 973 1229 dicam,
997 1169 1113 1237 nempe
1135 1152 1190 1231 44,
1214 1152 1267 1230 24,
1288 1151 1433 1236 2(verba

258 1283 300 1330 ex
334 1264 445 1330 eadem
481 1263 644 1330 Ciceronis
679 1266 822 1330 oratione
852 1283 894 1331 ex
924 1285 989 1350 qna
1020 1285 1118 1350 supra
1140 1267 1204 1330 iam
1228 1266 1433 1333 laudavimus

258 1377 355 1444 verba
390 1378 579 1462 quaedam:
614 1376 749 1458 πρότερον
780 1376 836 1455 μὲν
859 1376 918 1459 γάρ
943 1415 984 1425 -
1010 1376 1120 1443 dicero
1143 1379 1252 1462 inquit
1275 1415 1316 1426 -
1342 1378 1367 1442 oi
1391 1378 1432 1442 τά

258 1487 342 1555 άπλα
366 1489 489 1570 ἔχοντες
512 1489 564 1554 καὶ
584 1496 639 1564 τῆς
660 1489 819 1564 πολιτείας
831 1491 989 1570 ἐγκρατεῖς
1001 1491 1038 1564 ὥς
1050 1489 1086 1555 τό
1097 1490 1178 1555 πολὺ
1191 1489 1363 1569 ἐγίγνοντο.
1377 1540 1385 1556 .
1400 1541 1407 1557 .
1423 1541 1431 1557 .

258 1609 303 1669 νῦν
340 1605 365 1668 δ’
400 1606 430 1678 ἐς
465 1607 552 1669 τοῦτο
588 1607 689 1684 καιροῦ
721 1601 809 1668 πάνθ’
842 1603 879 1676 ὡς
902 1602 996 1667 εἰπεῖν
1019 1603 1061 1668 τά
1085 1601 1261 1684 πράγματα
1285 1603 1431 1686 πάρεστιν

257 1716 333 1783 ὥστε
367 1719 421 1800 ἐφ’
457 1718 529 1796 ὑμῖν
563 1741 598 1781 τε
627 1716 710 1781 αὐτοὶ
740 1712 812 1781 εἶναι
835 1715 889 1781 καὶ
912 1718 942 1790 ἐς
967 1717 1048 1794 ὑμᾶς
1071 1717 1255 1791 άνακεῖοάαι,
1280 1717 1333 1782 καὶ
1358 1718 1430 1798 παρ’

258 1832 338 1910 ὑμῶν
360 1832 425 1908 ἤτοι
449 1832 504 1905 τὴν
526 1830 660 1910 ἐμάνοιαν
684 1829 736 1895 καὶ
760 1830 845 1908 μετά
868 1829 985 1904 ταύτης
1008 1829 1062 1904 τὴν
1085 1830 1259 1912 ἐλευθερίαν,
1279 1828 1432 1904 ἢοτάοεις

256 1947 307 2012 καὶ
349 1945 502 2024 πολέμους
544 1943 715 2027 ἐμφυλίους
757 1940 841 2018 αὖθις
879 1943 930 2009 καὶ
966 1945 1024 2009 ἐπ’
1060 1945 1159 2010 αὐτῶν
1193 1943 1246 2009 καὶ
1282 1944 1431 2019 δεσπόταν

257 2060 376 2139 λαβεῖν.

299 2173 388 2240 Haec
423 2175 584 2240 sententia
617 2174 696 2239 mihi
731 2174 809 2239 satis
845 2177 991 2239 contorta
1025 2172 1170 2249 videtum
1206 2173 1285 2238 dicit
1313 2192 1430 2258 nempe

256 2293 362 2352 orator
396 2305 433 2353 ec
465 2306 517 2354 res
541 2287 676 2354 rediisse
700 2292 736 2353 ut
758 2307 777 2352 a
799 2287 1003 2353 senatoribus
1026 2287 1113 2372 (παρ’
1139 2287 1234 2372 ὑμῶν)
1257 2287 1429 2353 concordia

254 2421 327 2466 eum
363 2401 510 2468 libertate
543 2403 717 2466 coniuncta
755 2401 806 2467 vel
840 2401 1015 2468 seditiones
1050 2405 1082 2467 et
1113 2400 1196 2467 bella
1218 2402 1429 2486 accipiantur,

254 2517 383 2582 omissis
416 2520 524 2581 tamen
560 2516 706 2600 persenis
738 2533 823 2600 qnae
844 2535 864 2579 a
887 2514 1091 2581 senatoribus
1112 2533 1165 2580 res
1187 2515 1261 2580 illas
1283 2517 1428 2599 accipere

253 2630 433 2715 finguntur,
464 2631 528 2695 nisi
561 2630 635 2713 quis
658 2635 788 2695 censeat
807 2647 849 2694 ex
872 2629 1137 2695 antecedentibus
1160 2627 1252 2703 ..τοὺς
1275 2626 1317 2693 τά
1340 2624 1426 2693 ὅπλον

252 2741 402 2823 ἔχοντας’
436 2742 529 2808 facile
560 2743 703 2828 suppleri
725 2761 827 2828 posse.
850 2742 1023 2827 Equidem,
1047 2745 1201 2827 quoniam
1224 2743 1343 2809 durum
1367 2745 1428 2810 hoc

253 2859 332 2923 mihi
353 2857 492 2935 videtur,
515 2859 623 2921 malim
648 2858 806 2941 suspicari
829 2858 864 2921 in
888 2858 1044 2922 extremis
1063 2857 1223 2923 excidisse
1242 2857 1425 2924 subiectum

253 2973 322 3038 sive
344 2973 427 3050 ἡμᾶς
450 2973 519 3038 sive
543 2970 610 3044 τοὺς
632 2970 808 3051 ἀνθρώπους.

294 3197 428 3265 Restant
451 3199 491 3264 de
514 3199 635 3284 quibus
658 3200 762 3264 dicam
786 3199 833 3262 illi
855 3199 919 3264 loci
941 3200 976 3263 in
1001 3197 1121 3283 quibus
1146 3196 1319 3278 λαμβάνειν
1338 3196 1423 3280 παρά

252 3336 328 3386 τινος
363 3313 479 3379 obiecti
513 3314 583 3379 loco
618 3313 927 3379 infinitivum
962 3314 1113 3380 adsciscit
1148 3313 1198 3379 vel
1231 3312 1346 3379 saltem
1368 3314 1425 3378 ad·

251 3428 389 3493 sciscere
425 3430 560 3493 videtur.
589 3427 672 3492 Nam
697 3428 870 3493 discrimen
889 3429 925 3492 in
949 3428 1038 3492 hisce
1062 3428 1161 3492 statui
1184 3429 1341 3511 praestat;
1368 3427 1423 3492 ubi

251 3543 337 3607 enim
371 3544 506 3626 scriptor
536 3542 612 3605 dicit
648 3539 737 3605 πάλιν
772 3541 842 3605 sive
878 3538 978 3620 χώραν
1001 3541 1118 3604 ἐνοικεῖν
1142 3537 1316 3619 λαμβάνειν
1336 3537 1421 3620 παρά

251 3678 337 3728 τινος,
361 3656 418 3718 vix
442 3654 577 3719 dubium
602 3654 740 3718 dixerim
764 3654 844 3738 quin
866 3652 1050 3719 infinitivus
1072 3653 1275 3738 epexegetice
1293 3653 1423 3719 additus

250 3771 293 3833 sit
328 3767 460 3852 ,urbem
497 3768 802 3833 habitandam
837 3771 982 3852 accipere
1016 3767 1056 3833 ab
1089 3766 1230 3853 aliqu0’'.
1264 3767 1423 3854 Exempla

175 3931 177 3936 -
251 3881 371 3968 quibus
393 3883 574 3947 illustratur
598 3882 686 3966 quod
709 3881 781 3946 dica
804 3881 883 3946 haec
907 3886 1001 3946 sunt:

294 3995 348 4068 riv
383 3994 513 4077 Δάφνην
549 3994 632 4076 παρά
668 3999 720 4059 τοῦ
753 3993 867 4066 Arbion,
893 3993 926 4058 ri
950 3997 1007 4058 τῶν
1030 3992 1213 4073 Ἀντιοχέων
1237 3993 1420 4075 προάστειον,

250 4110 368 4174 ἐνοικεῖν
391 4107 503 4187 ἔλαβον
527 4110 594 4193 (51,
621 4110 650 4187 7,
674 4108 717 4192 6).

293 4231 348 4298 τῆς
372 4223 473 4304 χώρας
496 4224 604 4296 αὐτῶν,
630 4216 663 4295 ἣν
687 4222 775 4286 οἰκεῖν
799 4219 883 4302 παρά
906 4225 963 4285 τῶν
988 4220 1137 4299 Ῥωμαίων
1156 4220 1336 4303 εἰλήφεσαν,
1349 4220 1420 4299 ἑξα-

251 4337 395 4411 νέοτνσαν
418 4338 485 4423 (54,
510 4339 564 4416 36,
589 4337 640 4421 3).

293 4453 369 4516 Aiia
401 4457 510 4518 autem
544 4470 596 4516 res
631 4454 680 4516 est
714 4452 748 4516 in
773 4448 985 4534 sequentibus
1008 4449 1177 4534 exemplis,
1201 4448 1259 4515 ubi
1281 4450 1418 4516 verbum
