3378 5212
735 540 737 546 ¹
784 511 848 576 159

229 695 284 779 21,
308 696 329 760 2
353 695 409 782 (π.
435 696 540 762 πάντα
562 697 605 762 τῦ
630 695 785 783 πάτρια),
811 697 864 778 43,
888 696 942 779 33,
968 696 1004 777 1,
1030 696 1084 779 46,
1106 697 1399 782 49,1;60,21,4;

230 810 283 893 63,
307 811 338 894 2,
363 810 399 891 3,

274 947 308 986 π.
332 923 390 997 τθις
413 923 558 1000 συνθήκαις
581 923 710 1012 (contra
732 924 856 1006 foedus,
881 927 1107 1010 compositum)
1135 924 1189 1008 68,
1215 924 1267 1008 10,
1287 925 1325 1007 3;
1351 927 1400 1009 (oi.

228 1037 319 1100 Plato
343 1037 418 1102 Orit.
442 1058 470 1122 p.
495 1037 538 1102 52
562 1037 608 1117 Ι);
632 1037 731 1102 Isocr.
757 1036 809 1121 18,
834 1038 895 1118 3ος
922 1037 974 1122 18,
998 1038 1018 1102 4
1043 1041 1132 1123 ete.);

274 1176 306 1215 π.
331 1150 384 1223 την
407 1151 520 1214 ἑαυτῶν
544 1149 638 1231 Φθοιν
661 1151 798 1228 ἐγεννήθη
824 1149 931 1214 πολλοὶ
956 1149 1023 1236 (sc.
1048 1151 1091 1216 rai
1114 1149 1197 1236 ζῷα)
1221 1151 1275 1235 43,
1301 1152 1354 1237 35,
1380 1153 1399 1216 3

228 1266 267 1331 de
288 1267 500 1331 monstruosis
523 1265 669 1348 partibus
692 1265 880 1328 animalium
906 1264 1033 1329 dicitur.

273 1402 306 1443 π.
342 1377 383 1443 τοὶ
416 1375 614 1459 ψηφίσματα
651 1375 692 1441 τοῦ
725 1399 760 1440 τε
791 1380 842 1441 τοῦ
867 1376 963 1454 δήμου
987 1375 1040 1440 καὶ
1065 1375 1106 1441 τοὶ
1130 1383 1185 1451 τῆς
1209 1378 1323 1456 βουλῆς
1346 1379 1400 1463 39,

229 1492 281 1576 55,
305 1493 323 1549 2
347 1490 475 1579 (contra
498 1493 609 1576 populi
632 1497 729 1575 atque
752 1495 885 1555 senatus
909 1488 1059 1577 decreta).

271 1607 422 1672 Seorsum
448 1605 652 1671 memoranda
676 1605 805 1669 videtur
827 1606 947 1669 locutio
972 1628 1006 1668 π.
1032 1605 1084 1679 την
1107 1601 1197 1679 θξθαν
1221 1603 1275 1688 47,
1297 1604 1349 1688 17,
1369 1605 1400 1688 3,

228 1720 284 1784 ubi
315 1740 378 1783 non
403 1719 562 1804 significat
585 1714 659 1792 ῦξία
683 1720 831 1783 meritum
857 1719 908 1782 vel
934 1719 1083 1803 dignitas,
1106 1719 1163 1783 sed
1185 1720 1308 1786 iustum
1331 1739 1401 1805 pre-

226 1837 307 1900 tium
344 1834 430 1918 quod
457 1853 514 1918 pro
539 1832 702 1897 mercibus
725 1832 870 1897 solvitur.
894 1831 1010 1916 Itaque
1034 1836 1144 1896 nostro
1167 1833 1237 1897 loco
1262 1831 1343 1897 πολὺ
1366 1819 1427 1896 π.’

227 1947 281 2018 την
314 1943 405 2020 οὶξίαν
439 1952 500 2019 τοῖς
536 1944 739 2026 στρατιώταις
764 1943 869 2011 ποθντα
892 1943 1097 2026 ἐπιπράσκετο
1121 1946 1310 2012 vertendum
1335 1952 1398 2012 est:

227 2059 385 2125 militibus
420 2062 529 2125 omnia
563 2066 675 2124 contra
708 2057 745 2146 (i.
758 2078 783 2124 e.
817 2059 884 2124 fere
917 2060 991 2123 inf
998 2057 1061 2146 ra)
1092 2062 1231 2145 pretium
1255 2059 1399 2125 debitum

227 2173 459 2254 vendebantur,
493 2174 595 2237 multo
630 2174 765 2238 minoris
800 2192 897 2257 quam
921 2171 1083 2237 debuerat.
1108 2173 1290 2257 Aliquoties
1313 2174 1400 2258 apud

102 2291 106 2300 ’
227 2286 374 2370 Dionem,
399 2287 670 2371 quemadmodum
694 2286 780 2372 apud
802 2286 881 2350 alios
901 2287 1082 2372 scriptores,
1102 2288 1248 2372 opposita
1259 2290 1400 2353 occurrit

225 2401 344 2466 locutio
380 2399 454 2481 ὑπὲρ
488 2399 542 2474 την
571 2397 661 2474 νἰξίαν
684 2397 805 2486 (pluris
828 2419 926 2484 quam
952 2397 1088 2486 debuit),
1111 2419 1137 2465 e.
1148 2421 1178 2484 g.
1203 2398 1258 2485 42,
1282 2400 1335 2484 50,
1360 2400 1398 2483 5,

228 2514 280 2598 52,
304 2513 359 2598 84,
382 2513 420 2595 9,
447 2513 500 2598 59,
525 2513 579 2597 21,
603 2514 632 2577 5.
703 2519 705 2525 ’

269 2628 300 2713 5)
324 2628 444 2695 Addito
479 2629 855 2715 participiorum
890 2628 1090 2692 accusativo:

270 2743 324 2826 36,
347 2742 401 2824 32,
425 2741 463 2805 3:
490 2739 573 2822 παροθ
597 2766 632 2805 τε
656 2739 698 2806 rai
722 2737 954 2818 διατεταγμένα
978 2741 1007 2805 ἐν
1031 2746 1094 2814 τοῖς
1116 2739 1215 2818 νθμοις
1237 2741 1288 2806 καὶ
1314 2742 1399 2824 παρὰ

225 2857 267 2922 τοὶ
301 2853 526 2935 διεληλεγμένα
560 2855 590 2918 ἕν
620 2859 683 2928 τοῖς
719 2851 813 2934 ἔργοις
834 2852 958 2935 αἱρεθείη
982 2851 1019 2918 οῦν
1042 2852 1170 2941 (contra
1193 2856 1301 2940 legum
1325 2875 1398 2921 sen·

223 2973 357 3037 tentiam
381 2976 413 3036 et
433 2979 544 3034 eontra
568 2988 651 3053 quae
675 2988 737 3033 usu
761 2987 869 3033 rerum
893 2967 1030 3033 refutata
1053 2974 1131 3034 sunt
1150 2969 1270 3036 electus
1290 2969 1398 3058 esset).

269 3083 323 3166 42,
347 3083 401 3167 20,
424 3082 462 3147 4;
497 3106 531 3146 π.
566 3082 608 3147 rot
633 3080 799 3160 δεδογμένα
823 3079 928 3162 σφίσιν
950 3083 1072 3164 (eontra
1096 3101 1208 3147 eorum
1231 3085 1398 3167 instituta).

269 3197 322 3282 52,
347 3198 377 3281 7,
402 3186 439 3262 2ε
466 3220 500 3262 π.
527 3197 561 3261 τὸ
584 3197 685 3261 δοκοῦν
708 3197 749 3276 τῷ
773 3198 928 3277 κρατοῦντι
955 3197 1079 3276 (contra
1096 3199 1252 3284 principis
1271 3204 1397 3263 senten·

224 3314 330 3393 δίκην),
362 3312 400 3376 uf.
430 3310 528 3376 Thus.
555 3311 584 3394 l,
609 3308 663 3393 84,
687 3309 724 3374 2;
751 3333 785 3372 π.
810 3310 845 3373 τὸ
869 3309 970 3374 δοκοῦν
993 3311 1074 3388 ἡμῖν.
1090 3348 1129 3358 -
1144 3310 1198 3395 41,
1211 3310 1242 3394 2,
1257 3311 1292 3376 1:
1308 3336 1342 3376 π.
1356 3311 1397 3376 roi

224 3422 367 3489 δοκοῦντθ
390 3428 497 3505 σφισιν
520 3424 627 3508 (aliter
650 3444 686 3488 ao
710 3423 887 3507 sentiunt);
912 3423 952 3488 ef.
963 3399 1056 3488 Plato
1068 3424 1206 3510 (Protag.
1220 3445 1249 3511 p.
1262 3424 1328 3488 835
1340 3425 1396 3506 Bt:

225 3562 259 3602 π.
285 3538 326 3603 τοὶ
350 3537 394 3603 σοὶ
419 3539 570 3612 δοκοῦντα,
594 3538 701 3624 (Gorg.
726 3558 755 3623 p.
782 3537 848 3602 495
871 3540 920 3620 Α,
940 3559 968 3624 p.
993 3539 1058 3604 500
1078 3539 1127 3619 Β).

266 3651 304 3717 fr.
329 3651 443 3736 21,1:
469 3677 504 3717 π.
529 3653 564 3717 τὸ
591 3652 667 3727 εἰκός
690 3650 833 3740 (praeter
858 3673 955 3737 quam
980 3673 1062 3739 opus
1085 3660 1142 3738 est,
1166 3660 1275 3720 eontra
1300 3674 1396 3738 quam

223 3767 339 3829 rationi
362 3773 615 3832 consentaneum
639 3766 715 3854 est).

267 3878 322 3962 37,
346 3879 399 3962 35,
423 3879 461 3946 4:
496 3881 530 3944 τὸ
551 3884 625 3960 ’πῦρ
660 3879 713 3944 ἐπὶ
747 3877 937 3960 μακρότατον
973 3903 1008 3944 π.
1039 3880 1077 3945 ’τὸ
1101 3881 1177 3954 εἰκὸς
1201 3880 1267 3962 ἤρθη
1291 3878 1396 3966 (ignis

223 3993 377 4060 altissime
401 4013 435 4059 se
458 3995 576 4060 extulit
599 4000 709 4059 eontra
732 3993 883 4081 solitum)
908 3990 965 4078 (of.
989 4014 1059 4079 pag.
1086 3993 1177 4081 144).

265 4107 469 4189 Thucydides
489 4128 620 4192 quoque
644 4109 727 4173 hano
745 4085 941 4173 locutionem
962 4107 1108 4172 adhibuit
1129 4105 1179 4193 (2,
1193 4106 1292 4190 61,1:
1306 4107 1331 4170 εἰ
1351 4109 1395 4185 μη

223 4220 548 4299 καταπεπληγμένους
580 4222 661 4300 ῦμῦς
686 4245 720 4285 π.
746 4221 780 4286 τὸ
804 4221 881 4295 εἰκὸς
903 4220 1001 4301 ἑθριον,
1026 4220 1083 4285 ubi
1107 4244 1139 4284 π.
1165 4220 1198 4286 πθ
1222 4221 1298 4294 εἱκδς
1321 4240 1394 4285 cum

222 4337 327 4421 priore
362 4341 472 4400 nostro
504 4336 575 4400 loco
607 4338 773 4420 oongruit3
798 4334 865 4400 fere
889 4354 987 4419 supra
1011 4355 1107 4420 quam
1133 4332 1254 4420 (magis
1279 4334 1394 4422 quam)

222 4450 270 4513 rei
305 4433 559 4513 consentaneum
594 4455 650 4513 est.
686 4448 718 4531 3,
752 4447 806 4531 40,
842 4447 880 4510 4:
916 4470 949 4511 π.
985 4447 1019 4512 τὸ
1044 4447 1121 4522 riade
1143 4471 1188 4512 τοι
1213 4447 1265 4512 καὶ
1288 4446 1395 4513 τούσδε
