3400 5212
845 465 888 529 40

275 658 486 738 (quamquam
528 672 600 716 raro
643 653 729 736 apud
763 653 890 718 Atticos
925 652 1096 738 scriptores
1132 652 1229 717 verba
1263 653 1386 718 ferendi
1422 660 1454 719 et

276 766 393 850 agendi
427 784 502 829 cum
539 764 623 846 τορδι
647 767 730 830 dicta
754 767 971 850 reperiuntur)
996 765 1115 851 quibus
1139 772 1270 851 apparet
1291 769 1453 852 praeposi-

276 881 398 945 tionem
423 879 508 960 rapa
531 880 671 965 pendere
694 901 713 945 e
734 880 831 945 verbo
856 879 956 961 Φέρειν
979 880 1075 959 (Xen.
1101 879 1174 962 Cyr.
1199 883 1228 963 2,
1252 883 1282 963 4,
1304 879 1453 961 1εφέρειν

277 993 404 1075 oronaim
440 995 593 1060 translate
623 993 741 1058 Herod.
776 995 804 1077 ⁷,
828 995 909 1058 213:
934 993 1019 1072 μένοι
1044 993 1161 1075 dipem
1187 997 1217 1077 6,
1244 995 1324 1058 100:
1348 991 1452 1074 κέρδιον

278 1111 329 1189 Φ.)
353 1112 384 1171 et
406 1103 493 1184 ἄνειν
515 1112 609 1186 (σῖτον
633 1104 755 1184 ἐξάγειν
778 1105 869 1172 Dem.
893 1105 981 1192 Lept.
1007 1109 1067 1187 323
1091 1108 1124 1170 ἐκ
1149 1115 1204 1182 τῆς
1228 1107 1347 1189 ἠπείρου
1368 1107 1452 1189 rapot

277 1218 476 1300 Κλεοπάτρας
501 1219 542 1291 εἷς
565 1217 710 1283 Λενκιὶδιι
734 1219 867 1296 ἐσιτήγει
894 1218 969 1300 Lyc.
993 1221 1028 1282 in
1051 1218 1160 1284 Lecm.
1181 1222 1251 1302 26);
1273 1222 1328 1286 sed
1340 1227 1451 1286 nostro

276 1335 346 1399 loco
377 1335 462 1400 idem
493 1333 649 1398 habemus
681 1333 768 1418 quod
792 1335 899 1398 estin
922 1333 1090 1417 Sophoclis
1113 1333 1241 1398 Electra
1265 1335 1346 1398 666:
1372 1334 1452 1410 ἡδεῖς

277 1448 383 1527 λόγους
417 1446 475 1511 τινὶ
512 1444 612 1526 Φέρειν
649 1443 734 1526 rapot
767 1469 854 1518 τινος,
879 1445 936 1509 ubi
958 1447 1151 1530 praepositio
1177 1445 1262 1527 νιοιροδ
1286 1467 1351 1511 non
1376 1456 1450 1512 culn

277 1564 375 1628 verbo
411 1560 511 1642 Φέρειν
542 1561 598 1625 sed
622 1580 698 1624 cum
724 1560 927 1625 substantivo
952 1560 1073 1625 verbali
1096 1559 1202 1638 λόγους
1226 1561 1452 1645 coniungenda

277 1696 348 1741 esse
372 1675 518 1752 videtur3
544 1679 655 1738 nostro
679 1675 790 1757 itaque
810 1673 881 1737 loco
901 1675 1170 1757 praepositionem
1191 1694 1256 1738 non
1276 1694 1351 1738 cum
1365 1671 1451 1755 φέρον

277 1791 333 1856 sed
364 1808 438 1854 cum
462 1787 665 1853 substantivo
689 1786 842 1866 διννελίιιν
865 1787 963 1872 (quod
987 1787 1073 1852 idem
1098 1793 1147 1852 est
1169 1793 1266 1873 atque
1289 1787 1323 1852 τδ
1345 1789 1450 1866 ἀντηγ-

230 1980 233 1986 ,
276 1902 432 1984 paratior)
456 1901 718 1984 coniungendam
744 1920 814 1966 esse
836 1903 869 1964 in
894 1906 1004 1984 aperto
1028 1905 1084 1966 est.

321 2020 506 2101 Antequam
529 2015 785 2099 transgredimur
808 2015 846 2078 ad
871 2014 969 2079 verba
992 2015 1170 2098 accipiendi
1194 2015 1300 2080 dicere
1318 2033 1452 2080 neeesse

277 2133 406 2197 videtur
430 2131 470 2195 de
493 2127 591 2194 verbo
615 2129 700 2192 dan
714 2129 758 2192 di
783 2128 869 2212 quod
895 2127 1130 2212 significatione
1155 2129 1285 2212 quidem
1306 2130 1452 2212 proxime

277 2246 406 2310 accedat
448 2243 488 2307 ad
530 2242 627 2307 verba
669 2242 828 2323 mittendi,
862 2242 986 2326 agendi,
1018 2242 1178 2306 veniendi.
1211 2241 1290 2306 Bis
1322 2247 1449 2306 tantum

278 2360 374 2425 verba
409 2357 549 2422 dandi
585 2376 660 2420 cum
683 2356 919 2440 praepositione
944 2353 1029 2436 τιιριὶ
1053 2356 1215 2440 leguntur,
1238 2375 1354 2440 nempe

322 2475 373 2556 57,
409 2475 438 2556 5,
470 2472 506 2533 3:
543 2469 739 2550 δωρεὰν...
770 2467 859 2550 σφίσι
894 2468 1007 2544 διπλῆν
1031 2469 1067 2542 ὡς
1090 2467 1141 2532 aori
1165 2469 1237 2549 παρ’
1262 2467 1370 2533 ἐκείνου
1394 2473 1449 2549 (sc.

275 2587 393 2652 Tiberii
416 2586 561 2668 sumptu)
584 2581 683 2647 ἔδωκε.

305 2703 373 2784 ’59,
398 2703 427 2783 2,
453 2700 485 2762 l:
521 2694 635 2770 ιιιέντιι,
659 2697 696 2769 ὡς
720 2696 771 2760 acl
796 2696 867 2776 παρ’
892 2696 997 2760 {aoros
1021 2696 1067 2771 δή,
1092 2702 1155 2769 τοῖς
1177 2693 1286 2770 ἄλλοις
1309 2696 1448 2770 οέιιοδούς.

275 2818 336 2882 His
371 2813 528 2898 exemplis
564 2813 717 2876 docemur
751 2813 808 2875 vix
843 2812 906 2876 dici
942 2830 1035 2896 posse
1070 2813 1339 2896 praepositionem
1365 2810 1450 2892 ιιιιρδι

276 2928 534 3013 coniungendam
558 2945 628 2990 esse
651 2946 725 2990 cum
749 2925 855 2989 verbis
879 2923 968 2988 ἔδωκε
992 2930 1023 2990 et
1045 2924 1191 3006 ἀποδούς;
1211 2926 1277 2991 fere
1297 2927 1450 3011 supplen-

277 3046 354 3110 dum
389 3062 459 3107 esse
490 3041 618 3105 videtur
648 3028 853 3124 participium
878 3038 1085 3120 πεμφθεῖσαν,
1110 3039 1267 3118 δεδομένην
1289 3041 1341 3105 vel
1364 3041 1448 3106 eius—

276 3158 362 3223 modi
387 3157 473 3242 quid.
498 3153 708 3218 Conferamus
732 3172 757 3217 e.
781 3174 810 3238 g.
834 3153 942 3217 locum
965 3153 1112 3218 Platonis
1131 3153 1449 3238 (praeciperes)

276 3272 333 3336 ubi
367 3271 445 3335 haec
478 3269 634 3353 legimus:
669 3268 740 3345 ἡμῖν
774 3267 806 3330 δὲ
838 3264 1031 3334 ἀποδεικτέον
1062 3261 1101 3330 ai
1133 3266 1310 3342 retentator,
1335 3269 1372 3341 ὥς
1396 3269 1447 3332 ἔντ’

276 3383 411 3468 εὐτυχίᾳ
441 3389 478 3462 τῇ
510 3379 642 3461 μεγίστῃ
676 3379 760 3461 rapat
791 3380 857 3444 esea
881 3382 898 3456 ἡ
924 3378 1049 3454 τοιαύτη
1074 3379 1169 3458 paria
1194 3379 1325 3456 δι’δοτοιι,
1351 3382 1449 3446 ubis

275 3499 325 3563 dis
348 3498 417 3562 dari
440 3498 559 3561 dicitur
582 3496 655 3560 talis
678 3493 792 3578 rabies,
815 3497 835 3559 i.
848 3515 874 3561 e.
898 3516 916 3558 a
940 3488 1072 3559 deorum
1093 3495 1191 3561 latere
1210 3497 1251 3560 ad
1271 3516 1345 3561 eum
1359 3500 1449 3562 venit

275 3615 329 3678 cui
364 3632 433 3677 eam
469 3611 638 3675 destinant
674 3609 727 3674 Sic
763 3610 883 3674 nostris
915 3609 1009 3672 locis:
1036 3610 1238 3673 donum...
1263 3610 1385 3695 duplex
1407 3613 1448 3676 iis

276 3727 416 3808 donavit,
450 3730 616 3807 tamquam
649 3743 668 3786 a
700 3721 837 3804 Tiberio,
869 3725 927 3788 ie.
963 3743 981 3786 a
1010 3721 1137 3788 Tiberio
1162 3724 1316 3805 missum
1339 3727 1447 3789 omnia

276 3842 390 3906 ceteris
432 3837 571 3903 reddidit
613 3842 779 3920 tamquam
823 3837 862 3901 de
898 3855 970 3900 suo.
1006 3835 1173 3902 Praeterea
1208 3837 1446 3903 observandum

275 3959 325 4018 est
357 3953 553 4017 locutionem
586 3950 656 4030 τοι
693 3949 799 4013 ἑαυτοῦ
835 3950 874 4015 de
909 3950 994 4032 suo,¹
1010 3951 1079 4014 suis
1110 3951 1294 4035 sumptibus
1318 3954 1447 4018 notissi-

275 4086 360 4132 mam
391 4053 477 4147 esse;
511 4064 549 4128 cf.
580 4063 698 4128 Herod.
732 4066 761 4146 δ,
794 4065 873 4144 1293
901 4066 930 4146 7,
954 4065 1013 4145 29,
1040 4065 1069 4146 8,
1094 4066 1124 4148 5,
1149 4083 1190 4129 ne
1213 4065 1294 4129 alios
1316 4065 1445 4130 laudem

275 4182 338 4245 scri
361 4184 454 4244 tores.

318 4201 536 4357 Idmtransire
555 4289 824 4354 licebitadverba
848 4290 1126 4373 accipiendi
1152 4295 1184 4355 et
1208 4295 1447 4377 sumendi,

273 4410 357 4473 inter
379 4423 463 4491 quae
487 4404 588 4468 multo
612 4403 753 4467 maxime
774 4402 1015 4487 frequentatum
1042 4407 1091 4468 est
1113 4402 1247 4468 verbum
1273 4407 1446 4486 λαμβάνειν
1517 4419 1522 4427 ·

1369 4880 1592 5137 η
