<?xml version="1.0" encoding="UTF-8"?>
<!DOCTYPE html PUBLIC "-//W3C//DTD XHTML 1.0 Transitional//EN"
    "http://www.w3.org/TR/xhtml1/DTD/xhtml1-transitional.dtd">
<html xmlns="http://www.w3.org/1999/xhtml" xml:lang="en" lang="en">
 <head>
  <title>
</title>
<meta http-equiv="Content-Type" content="text/html;charset=utf-8" />
  <meta name='ocr-system' content='tesseract 3.04.00' />
  <meta name='ocr-capabilities' content='ocr_page ocr_carea ocr_par ocr_line ocrx_word'/>
</head>
<body>
  <div class='ocr_page' id='page_1' title='image "./depraepositioni00nawigoog_0137.png"; bbox 0 0 3378 5212; ppageno 0'>
   <div class='ocr_carea' id='block_1_1' title="bbox 826 531 890 594">
    <p class='ocr_par' dir='ltr' id='par_1_1' title="bbox 826 531 890 594">
     <span class='ocr_line' id='line_1_1' title="bbox 826 531 890 594; baseline 0 0"><span class='ocrx_word' id='word_1_1' title='bbox 826 531 890 594; x_wconf 88' lang='grc'><strong>128</strong></span> 
     </span>
    </p>
   </div>
   <div class='ocr_carea' id='block_1_2' title="bbox 258 713 1453 4556">
    <p class='ocr_par' dir='ltr' id='par_1_2' title="bbox 258 713 1449 2847">
     <span class='ocr_line' id='line_1_2' title="bbox 270 713 1444 800; baseline -0.002 -18"><span class='ocrx_word' id='word_1_2' title='bbox 270 717 382 782; x_wconf 91' lang='lat' dir='ltr'><strong>eodem</strong></span> <span class='ocrx_word' id='word_1_3' title='bbox 405 715 488 780; x_wconf 89' lang='lat' dir='ltr'><strong>libro</strong></span> <span class='ocrx_word' id='word_1_4' title='bbox 513 716 595 780; x_wconf 77' lang='lat'><strong>336:</strong></span> <span class='ocrx_word' id='word_1_5' title='bbox 621 724 658 797; x_wconf 71' lang='grc' dir='ltr'><strong>τῇ</strong></span> <span class='ocrx_word' id='word_1_6' title='bbox 686 713 847 795; x_wconf 78' lang='grc' dir='ltr'><em>παριαύων.</em></span> <span class='ocrx_word' id='word_1_7' title='bbox 872 715 1007 779; x_wconf 89' lang='lat' dir='ltr'><strong>Perraro</strong></span> <span class='ocrx_word' id='word_1_8' title='bbox 1033 733 1164 800; x_wconf 93' lang='lat' dir='ltr'><strong>quoque</strong></span> <span class='ocrx_word' id='word_1_9' title='bbox 1188 715 1273 798; x_wconf 89' lang='lat' dir='ltr'><strong>apud</strong></span> <span class='ocrx_word' id='word_1_10' title='bbox 1308 714 1444 782; x_wconf 89' lang='lat' dir='ltr'><strong>Hero·</strong></span> 
     </span>
     <span class='ocr_line' id='line_1_3' title="bbox 273 826 1445 916; baseline -0.003 -21"><span class='ocrx_word' id='word_1_11' title='bbox 273 831 425 895; x_wconf 88' lang='lat' dir='ltr'><strong>dotum</strong></span> <span class='ocrx_word' id='word_1_12' title='bbox 459 828 593 916; x_wconf 69' lang='lat'>(1323</span> <span class='ocrx_word' id='word_1_13' title='bbox 629 827 671 892; x_wconf 86' lang='lat' dir='ltr'><strong>II</strong></span> <span class='ocrx_word' id='word_1_14' title='bbox 702 827 761 908; x_wconf 76' lang='lat'><strong>78;</strong></span> <span class='ocrx_word' id='word_1_15' title='bbox 784 827 827 891; x_wconf 93' lang='grc' dir='ltr'><strong>Π.</strong></span> <span class='ocrx_word' id='word_1_16' title='bbox 854 828 933 908; x_wconf 87' lang='grc'>121;</span> <span class='ocrx_word' id='word_1_17' title='bbox 957 827 999 891; x_wconf 83' lang='lat' dir='ltr'><strong>II</strong></span> <span class='ocrx_word' id='word_1_18' title='bbox 1026 827 1105 908; x_wconf 75' lang='lat'><strong>1233</strong></span> <span class='ocrx_word' id='word_1_19' title='bbox 1130 826 1203 891; x_wconf 80' lang='lat' dir='ltr'><strong>VH.</strong></span> <span class='ocrx_word' id='word_1_20' title='bbox 1227 827 1284 912; x_wconf 91' lang='grc'><strong>46)</strong></span> <span class='ocrx_word' id='word_1_21' title='bbox 1306 829 1445 894; x_wconf 85' lang='lat' dir='ltr'><strong>inveniri</strong></span> 
     </span>
     <span class='ocr_line' id='line_1_4' title="bbox 272 939 1444 1026; baseline -0.002 -19"><span class='ocrx_word' id='word_1_22' title='bbox 272 962 369 1008; x_wconf 91' lang='lat' dir='ltr'><strong>usum</strong></span> <span class='ocrx_word' id='word_1_23' title='bbox 393 941 599 1026; x_wconf 81' lang='lat' dir='ltr'><strong>temporalem</strong></span> <span class='ocrx_word' id='word_1_24' title='bbox 623 941 707 1004; x_wconf 93' lang='lat' dir='ltr'><strong>idem</strong></span> <span class='ocrx_word' id='word_1_25' title='bbox 732 939 874 1023; x_wconf 87' lang='lat' dir='ltr'><strong>Helbing</strong></span> <span class='ocrx_word' id='word_1_26' title='bbox 897 945 1009 1005; x_wconf 81' lang='lat' dir='ltr'><strong>auctor</strong></span> <span class='ocrx_word' id='word_1_27' title='bbox 1032 945 1089 1004; x_wconf 90' lang='lat' dir='ltr'><strong>est.</strong></span> <span class='ocrx_word' id='word_1_28' title='bbox 1123 939 1444 1022; x_wconf 76' lang='lat' dir='ltr'><strong>Thucydidem</strong></span> 
     </span>
     <span class='ocr_line' id='line_1_5' title="bbox 273 1051 1445 1140; baseline -0.002 -20"><span class='ocrx_word' id='word_1_29' title='bbox 273 1075 436 1140; x_wconf 80' lang='lat' dir='ltr'><strong>nusquam</strong></span> <span class='ocrx_word' id='word_1_30' title='bbox 459 1053 645 1119; x_wconf 76' lang='lat' dir='ltr'>adhibuisse</span> <span class='ocrx_word' id='word_1_31' title='bbox 667 1073 741 1119; x_wconf 89' lang='lat' dir='ltr'><strong>eum</strong></span> <span class='ocrx_word' id='word_1_32' title='bbox 761 1074 857 1118; x_wconf 91' lang='lat' dir='ltr'><strong>usum</strong></span> <span class='ocrx_word' id='word_1_33' title='bbox 878 1055 979 1118; x_wconf 82' lang='lat' dir='ltr'><strong>Alvin</strong></span> <span class='ocrx_word' id='word_1_34' title='bbox 998 1053 1135 1118; x_wconf 88' lang='lat' dir='ltr'><strong>affirmat</strong></span> <span class='ocrx_word' id='word_1_35' title='bbox 1146 1051 1237 1140; x_wconf 93' lang='lat' dir='ltr'><strong>(nam</strong></span> <span class='ocrx_word' id='word_1_36' title='bbox 1250 1054 1282 1138; x_wconf 87' lang='grc'><strong>4,</strong></span> <span class='ocrx_word' id='word_1_37' title='bbox 1297 1055 1377 1120; x_wconf 86' lang='grc'>106;</span> <span class='ocrx_word' id='word_1_38' title='bbox 1391 1053 1445 1126; x_wconf 67' lang='grc' dir='ltr'><strong>τὴν</strong></span> 
     </span>
     <span class='ocr_line' id='line_1_6' title="bbox 273 1165 1444 1253; baseline -0.001 -20"><span class='ocrx_word' id='word_1_39' title='bbox 273 1167 377 1234; x_wconf 80' lang='grc' dir='ltr'><em>Ἠιόνα</em></span> <span class='ocrx_word' id='word_1_40' title='bbox 401 1168 486 1250; x_wconf 69' lang='grc' dir='ltr'><em>παρὰ</em></span> <span class='ocrx_word' id='word_1_41' title='bbox 508 1165 602 1232; x_wconf 81' lang='grc' dir='ltr'><em>νύκτα</em></span> <span class='ocrx_word' id='word_1_42' title='bbox 625 1166 741 1246; x_wconf 77' lang='grc' dir='ltr'><em>ἐγένετο</em></span> <span class='ocrx_word' id='word_1_43' title='bbox 765 1165 874 1244; x_wconf 81' lang='grc' dir='ltr'><em>λαβεῖν</em></span> <span class='ocrx_word' id='word_1_44' title='bbox 898 1167 1077 1252; x_wconf 80' lang='lat' dir='ltr'><strong>significare</strong></span> <span class='ocrx_word' id='word_1_45' title='bbox 1101 1168 1246 1232; x_wconf 80' lang='lat' dir='ltr'><strong>videtur:</strong></span> <span class='ocrx_word' id='word_1_46' title='bbox 1271 1187 1328 1253; x_wconf 89' lang='lat' dir='ltr'><strong>per</strong></span> <span class='ocrx_word' id='word_1_47' title='bbox 1347 1189 1444 1233; x_wconf 92' lang='lat' dir='ltr'><strong>unam</strong></span> 
     </span>
     <span class='ocr_line' id='line_1_7' title="bbox 273 1279 1445 1369; baseline -0.002 -20"><span class='ocrx_word' id='word_1_48' title='bbox 273 1290 398 1349; x_wconf 86' lang='lat' dir='ltr'><strong>noctem</strong></span> <span class='ocrx_word' id='word_1_49' title='bbox 441 1285 529 1349; x_wconf 90' lang='lat' dir='ltr'><strong>stetit</strong></span> <span class='ocrx_word' id='word_1_50' title='bbox 567 1283 647 1366; x_wconf 93' lang='lat' dir='ltr'><strong>quin</strong></span> <span class='ocrx_word' id='word_1_51' title='bbox 681 1287 852 1366; x_wconf 82' lang='lat' dir='ltr'><strong>oocuparet</strong></span> <span class='ocrx_word' id='word_1_52' title='bbox 886 1279 1056 1367; x_wconf 72' lang='grc' dir='ltr'><strong>Εἲοηθω),</strong></span> <span class='ocrx_word' id='word_1_53' title='bbox 1093 1280 1356 1367; x_wconf 83' lang='lat' dir='ltr'><strong>Xenophon</strong></span> <span class='ocrx_word' id='word_1_54' title='bbox 1389 1280 1445 1369; x_wconf 82' lang='lat' dir='ltr'><strong>(ei.</strong></span> 
     </span>
     <span class='ocr_line' id='line_1_8' title="bbox 258 1392 1443 1482; baseline 0 -22"><span class='ocrx_word' id='word_1_55' title='bbox 258 1397 439 1482; x_wconf 73' lang='lat' dir='ltr'><strong>‚Westphal</strong></span> <span class='ocrx_word' id='word_1_56' title='bbox 475 1396 515 1460; x_wconf 91' lang='lat' dir='ltr'>l.1.</span> <span class='ocrx_word' id='word_1_57' title='bbox 539 1416 610 1481; x_wconf 86' lang='lat' dir='ltr'><strong>pag.</strong></span> <span class='ocrx_word' id='word_1_58' title='bbox 637 1392 694 1480; x_wconf 84' lang='lat'><strong>11)</strong></span> <span class='ocrx_word' id='word_1_59' title='bbox 719 1395 795 1458; x_wconf 85' lang='lat' dir='ltr'><strong>haee</strong></span> <span class='ocrx_word' id='word_1_60' title='bbox 818 1394 948 1479; x_wconf 90' lang='lat' dir='ltr'><strong>praebet</strong></span> <span class='ocrx_word' id='word_1_61' title='bbox 972 1396 1120 1478; x_wconf 89' lang='lat' dir='ltr'><strong>exempla</strong></span> <span class='ocrx_word' id='word_1_62' title='bbox 1142 1393 1253 1482; x_wconf 86' lang='lat' dir='ltr'><strong>(Mem.</strong></span> <span class='ocrx_word' id='word_1_63' title='bbox 1278 1397 1310 1479; x_wconf 85' lang='lat'><strong>2,</strong></span> <span class='ocrx_word' id='word_1_64' title='bbox 1336 1397 1365 1479; x_wconf 87' lang='lat'><strong>1,</strong></span> <span class='ocrx_word' id='word_1_65' title='bbox 1389 1393 1443 1481; x_wconf 83' lang='lat'><strong>2):</strong></span> 
     </span>
     <span class='ocr_line' id='line_1_9' title="bbox 273 1503 1445 1588; baseline -0.003 -13"><span class='ocrx_word' id='word_1_66' title='bbox 273 1507 353 1583; x_wconf 72' lang='grc' dir='ltr'><em>ὅπως</em></span> <span class='ocrx_word' id='word_1_67' title='bbox 387 1509 430 1588; x_wconf 69' lang='grc' dir='ltr'><strong>μὴ</strong></span> <span class='ocrx_word' id='word_1_68' title='bbox 465 1507 511 1573; x_wconf 74' lang='grc' dir='ltr'><strong>τὰ·</strong></span> <span class='ocrx_word' id='word_1_69' title='bbox 541 1514 595 1581; x_wconf 70' lang='grc' dir='ltr'><strong>τῆς</strong></span> <span class='ocrx_word' id='word_1_70' title='bbox 631 1505 746 1580; x_wconf 74' lang='grc' dir='ltr'><em>πόλεως</em></span> <span class='ocrx_word' id='word_1_71' title='bbox 780 1503 929 1587; x_wconf 76' lang='grc' dir='ltr'><em>ἄπρακτα</em></span> <span class='ocrx_word' id='word_1_72' title='bbox 964 1506 1107 1585; x_wconf 72' lang='grc' dir='ltr'><strong>γίγνηται</strong></span> <span class='ocrx_word' id='word_1_73' title='bbox 1145 1508 1229 1588; x_wconf 74' lang='grc' dir='ltr'><em>παρα</em></span> <span class='ocrx_word' id='word_1_74' title='bbox 1260 1510 1313 1583; x_wconf 64' lang='grc' dir='ltr'><strong>τὴν</strong></span> <span class='ocrx_word' id='word_1_75' title='bbox 1338 1507 1445 1574; x_wconf 72' lang='grc' dir='ltr'><em>ἐκείνου</em></span> 
     </span>
     <span class='ocr_line' id='line_1_10' title="bbox 274 1614 1446 1709; baseline 0.002 -23"><span class='ocrx_word' id='word_1_76' title='bbox 274 1621 384 1704; x_wconf 70' lang='grc' dir='ltr'><strong>ἀρχήν,</strong></span> <span class='ocrx_word' id='word_1_77' title='bbox 407 1620 527 1709; x_wconf 82' lang='lat' dir='ltr'><strong>(Anah.</strong></span> <span class='ocrx_word' id='word_1_78' title='bbox 559 1623 591 1705; x_wconf 84' lang='lat'><strong>2,</strong></span> <span class='ocrx_word' id='word_1_79' title='bbox 616 1622 647 1704; x_wconf 84' lang='lat'><strong>3,</strong></span> <span class='ocrx_word' id='word_1_80' title='bbox 673 1618 747 1706; x_wconf 82' lang='lat'>15):</span> <span class='ocrx_word' id='word_1_81' title='bbox 772 1619 824 1684; x_wconf 76' lang='lat' dir='ltr'><strong>aori</strong></span> <span class='ocrx_word' id='word_1_82' title='bbox 848 1614 881 1694; x_wconf 75' lang='grc' dir='ltr'><strong>ἦν</strong></span> <span class='ocrx_word' id='word_1_83' title='bbox 903 1618 955 1684; x_wconf 75' lang='grc' dir='ltr'><strong>καὶ</strong></span> <span class='ocrx_word' id='word_1_84' title='bbox 981 1643 1016 1683; x_wconf 95' lang='grc' dir='ltr'><strong>π.</strong></span> <span class='ocrx_word' id='word_1_85' title='bbox 1042 1618 1131 1685; x_wconf 75' lang='grc' dir='ltr'><em>πότον</em></span> <span class='ocrx_word' id='word_1_86' title='bbox 1154 1620 1208 1694; x_wconf 73' lang='grc' dir='ltr'><strong>ἡδὺ</strong></span> <span class='ocrx_word' id='word_1_87' title='bbox 1232 1621 1298 1700; x_wconf 81' lang='grc' dir='ltr'><strong>μέν,</strong></span> <span class='ocrx_word' id='word_1_88' title='bbox 1322 1627 1446 1705; x_wconf 79' lang='grc' dir='ltr'><em>κεφαλ-</em></span> 
     </span>
     <span class='ocr_line' id='line_1_11' title="bbox 274 1731 1447 1822; baseline 0.001 -22"><span class='ocrx_word' id='word_1_89' title='bbox 274 1734 371 1816; x_wconf 77' lang='grc' dir='ltr'><em>αλγὲς</em></span> <span class='ocrx_word' id='word_1_90' title='bbox 404 1734 446 1810; x_wconf 73' lang='grc' dir='ltr'><strong>δέ,</strong></span> <span class='ocrx_word' id='word_1_91' title='bbox 482 1733 583 1822; x_wconf 86' lang='lat' dir='ltr'><strong>(Heli.</strong></span> <span class='ocrx_word' id='word_1_92' title='bbox 616 1736 646 1818; x_wconf 98' lang='grc'>1,</span> <span class='ocrx_word' id='word_1_93' title='bbox 670 1736 701 1818; x_wconf 92' lang='grc'><strong>4,</strong></span> <span class='ocrx_word' id='word_1_94' title='bbox 727 1731 800 1821; x_wconf 81' lang='grc'>16);</span> <span class='ocrx_word' id='word_1_95' title='bbox 838 1732 1006 1799; x_wconf 73' lang='grc' dir='ltr'><em>κινδυνεύων</em></span> <span class='ocrx_word' id='word_1_96' title='bbox 1039 1731 1088 1798; x_wconf 77' lang='lat' dir='ltr'><strong>oiri</strong></span> <span class='ocrx_word' id='word_1_97' title='bbox 1125 1757 1158 1799; x_wconf 93' lang='grc' dir='ltr'><strong>π.</strong></span> <span class='ocrx_word' id='word_1_98' title='bbox 1183 1734 1311 1810; x_wconf 67' lang='grc' dir='ltr'><em>ἑκάστην</em></span> <span class='ocrx_word' id='word_1_99' title='bbox 1336 1735 1447 1817; x_wconf 73' lang='grc' dir='ltr'><em>ἡμέραν</em></span> 
     </span>
     <span class='ocr_line' id='line_1_12' title="bbox 275 1843 1446 1936; baseline 0.001 -22"><span class='ocrx_word' id='word_1_100' title='bbox 275 1848 456 1923; x_wconf 79' lang='grc' dir='ltr'><em>αἰπνλὲσθαν,</em></span> <span class='ocrx_word' id='word_1_101' title='bbox 479 1847 594 1936; x_wconf 85' lang='lat' dir='ltr'><strong>(Oonv.</strong></span> <span class='ocrx_word' id='word_1_102' title='bbox 621 1848 652 1932; x_wconf 98' lang='grc'><strong>6,</strong></span> <span class='ocrx_word' id='word_1_103' title='bbox 676 1846 730 1936; x_wconf 79' lang='grc'>2);</span> <span class='ocrx_word' id='word_1_104' title='bbox 754 1847 788 1912; x_wconf 79' lang='grc' dir='ltr'><strong>τὸ</strong></span> <span class='ocrx_word' id='word_1_105' title='bbox 811 1846 907 1912; x_wconf 78' lang='grc' dir='ltr'><em>τοίνυν</em></span> <span class='ocrx_word' id='word_1_106' title='bbox 930 1871 966 1911; x_wconf 93' lang='grc' dir='ltr'><strong>π.</strong></span> <span class='ocrx_word' id='word_1_107' title='bbox 986 1843 1057 1913; x_wconf 82' lang='grc' dir='ltr'><em>νῖνυν</em></span> <span class='ocrx_word' id='word_1_108' title='bbox 1078 1855 1187 1912; x_wconf 80' lang='grc' dir='ltr'><em>λυπεῖν</em></span> <span class='ocrx_word' id='word_1_109' title='bbox 1206 1848 1276 1923; x_wconf 77' lang='grc' dir='ltr'><em>τοὺς</em></span> <span class='ocrx_word' id='word_1_110' title='bbox 1295 1849 1446 1924; x_wconf 78' lang='grc' dir='ltr'><em>συνόντας,</em></span> 
     </span>
     <span class='ocr_line' id='line_1_13' title="bbox 276 1959 1447 2051; baseline -0.001 -22"><span class='ocrx_word' id='word_1_111' title='bbox 276 1962 325 2051; x_wconf 87' lang='grc'><strong>(8,</strong></span> <span class='ocrx_word' id='word_1_112' title='bbox 349 1961 426 2051; x_wconf 83' lang='grc'>41);</span> <span class='ocrx_word' id='word_1_113' title='bbox 458 1962 735 2041; x_wconf 58' lang='lat' dir='ltr'><strong>annumeratam</strong></span> <span class='ocrx_word' id='word_1_114' title='bbox 759 1964 882 2041; x_wconf 70' lang='grc' dir='ltr'><em>μᾶλλον</em></span> <span class='ocrx_word' id='word_1_115' title='bbox 905 1959 921 2034; x_wconf 74' lang='grc' dir='ltr'>ἢ</span> <span class='ocrx_word' id='word_1_116' title='bbox 947 1985 983 2025; x_wconf 94' lang='grc' dir='ltr'><strong>π.</strong></span> <span class='ocrx_word' id='word_1_117' title='bbox 1008 1960 1098 2026; x_wconf 79' lang='grc' dir='ltr'><em>πότον</em></span> <span class='ocrx_word' id='word_1_118' title='bbox 1121 1961 1241 2043; x_wconf 76' lang='grc' dir='ltr'><strong>πρέπεν,</strong></span> <span class='ocrx_word' id='word_1_119' title='bbox 1266 1964 1374 2044; x_wconf 89' lang='lat' dir='ltr'><strong>(dere</strong></span> <span class='ocrx_word' id='word_1_120' title='bbox 1398 1984 1447 2048; x_wconf 91' lang='lat' dir='ltr'><strong>eq.</strong></span> 
     </span>
     <span class='ocr_line' id='line_1_14' title="bbox 277 2073 1448 2164; baseline 0 -22"><span class='ocrx_word' id='word_1_121' title='bbox 277 2080 309 2161; x_wconf 87' lang='grc'><strong>9,</strong></span> <span class='ocrx_word' id='word_1_122' title='bbox 343 2074 417 2164; x_wconf 83' lang='grc'>11);</span> <span class='ocrx_word' id='word_1_123' title='bbox 454 2098 487 2140; x_wconf 91' lang='grc' dir='ltr'><strong>π.</strong></span> <span class='ocrx_word' id='word_1_124' title='bbox 511 2077 730 2158; x_wconf 60' lang='grc' dir='ltr'><em>κραυγὴν...</em></span> <span class='ocrx_word' id='word_1_125' title='bbox 757 2098 791 2139; x_wconf 96' lang='grc' dir='ltr'><strong>π.</strong></span> <span class='ocrx_word' id='word_1_126' title='bbox 817 2073 993 2154; x_wconf 72' lang='grc' dir='ltr'><em>σάλπιγγα.</em></span> <span class='ocrx_word' id='word_1_127' title='bbox 1018 2075 1153 2161; x_wconf 80' lang='lat' dir='ltr'><strong>Saepius</strong></span> <span class='ocrx_word' id='word_1_128' title='bbox 1176 2078 1262 2162; x_wconf 88' lang='lat' dir='ltr'><strong>apud</strong></span> <span class='ocrx_word' id='word_1_129' title='bbox 1296 2077 1448 2153; x_wconf 85' lang='lat' dir='ltr'><strong>Plato·</strong></span> 
     </span>
     <span class='ocr_line' id='line_1_15' title="bbox 276 2189 1449 2276; baseline 0 -20"><span class='ocrx_word' id='word_1_130' title='bbox 276 2212 298 2255; x_wconf 90' lang='lat' dir='ltr'><strong>n</strong></span> <span class='ocrx_word' id='word_1_131' title='bbox 312 2211 329 2256; x_wconf 92' lang='lat' dir='ltr'><strong>e</strong></span> <span class='ocrx_word' id='word_1_132' title='bbox 341 2211 373 2256; x_wconf 89' lang='lat' dir='ltr'><strong>m</strong></span> <span class='ocrx_word' id='word_1_133' title='bbox 397 2197 429 2256; x_wconf 89' lang='lat' dir='ltr'><strong>et</strong></span> <span class='ocrx_word' id='word_1_134' title='bbox 452 2189 481 2255; x_wconf 94' lang='lat' dir='ltr'>D</span> <span class='ocrx_word' id='word_1_135' title='bbox 494 2210 512 2256; x_wconf 89' lang='lat' dir='ltr'><strong>e</strong></span> <span class='ocrx_word' id='word_1_136' title='bbox 525 2210 555 2255; x_wconf 99' lang='lat' dir='ltr'><strong>m</strong></span> <span class='ocrx_word' id='word_1_137' title='bbox 570 2210 588 2255; x_wconf 91' lang='lat' dir='ltr'><strong>o</strong></span> <span class='ocrx_word' id='word_1_138' title='bbox 601 2210 616 2254; x_wconf 91' lang='lat' dir='ltr'><strong>s</strong></span> <span class='ocrx_word' id='word_1_139' title='bbox 628 2196 642 2255; x_wconf 88' lang='lat' dir='ltr'><strong>t</strong></span> <span class='ocrx_word' id='word_1_140' title='bbox 654 2191 674 2254; x_wconf 90' lang='lat' dir='ltr'><strong>h</strong></span> <span class='ocrx_word' id='word_1_141' title='bbox 687 2210 705 2255; x_wconf 91' lang='lat' dir='ltr'><strong>e</strong></span> <span class='ocrx_word' id='word_1_142' title='bbox 716 2210 737 2254; x_wconf 94' lang='lat' dir='ltr'><strong>n</strong></span> <span class='ocrx_word' id='word_1_143' title='bbox 750 2209 768 2254; x_wconf 91' lang='lat' dir='ltr'><strong>e</strong></span> <span class='ocrx_word' id='word_1_144' title='bbox 781 2210 811 2253; x_wconf 94' lang='lat' dir='ltr'><strong>m</strong></span> <span class='ocrx_word' id='word_1_145' title='bbox 835 2191 1105 2274; x_wconf 81' lang='lat' dir='ltr'><strong>praepositionem</strong></span> <span class='ocrx_word' id='word_1_146' title='bbox 1129 2192 1297 2276; x_wconf 86' lang='lat' dir='ltr'><strong>temporali</strong></span> <span class='ocrx_word' id='word_1_147' title='bbox 1317 2193 1449 2257; x_wconf 91' lang='lat' dir='ltr'><strong>notione</strong></span> 
     </span>
     <span class='ocr_line' id='line_1_16' title="bbox 276 2304 1448 2390; baseline 0.002 -22"><span class='ocrx_word' id='word_1_148' title='bbox 276 2304 451 2389; x_wconf 78' lang='lat' dir='ltr'><strong>praeditam</strong></span> <span class='ocrx_word' id='word_1_149' title='bbox 489 2306 675 2389; x_wconf 90' lang='lat' dir='ltr'><strong>reperimus.</strong></span> <span class='ocrx_word' id='word_1_150' title='bbox 706 2304 805 2389; x_wconf 82' lang='lat' dir='ltr'><strong>Apud</strong></span> <span class='ocrx_word' id='word_1_151' title='bbox 835 2305 1029 2388; x_wconf 72' lang='lat' dir='ltr'><strong>posteriores</strong></span> <span class='ocrx_word' id='word_1_152' title='bbox 1053 2309 1160 2368; x_wconf 89' lang='lat' dir='ltr'><strong>autem</strong></span> <span class='ocrx_word' id='word_1_153' title='bbox 1185 2307 1356 2390; x_wconf 81' lang='lat' dir='ltr'><strong>scriptores</strong></span> <span class='ocrx_word' id='word_1_154' title='bbox 1379 2325 1448 2370; x_wconf 87' lang='lat' dir='ltr'><strong>sae·</strong></span> 
     </span>
     <span class='ocr_line' id='line_1_17' title="bbox 275 2417 1449 2503; baseline 0 -20"><span class='ocrx_word' id='word_1_155' title='bbox 275 2421 407 2503; x_wconf 88' lang='lat' dir='ltr'><strong>pissime</strong></span> <span class='ocrx_word' id='word_1_156' title='bbox 439 2420 587 2501; x_wconf 81' lang='lat' dir='ltr'><strong>occurrit,</strong></span> <span class='ocrx_word' id='word_1_157' title='bbox 614 2438 639 2484; x_wconf 92' lang='lat' dir='ltr'><strong>e.</strong></span> <span class='ocrx_word' id='word_1_158' title='bbox 652 2438 680 2502; x_wconf 86' lang='lat' dir='ltr'><strong>g.</strong></span> <span class='ocrx_word' id='word_1_159' title='bbox 704 2418 790 2502; x_wconf 91' lang='lat' dir='ltr'><strong>apud</strong></span> <span class='ocrx_word' id='word_1_160' title='bbox 824 2417 1072 2499; x_wconf 88' lang='lat' dir='ltr'><strong>Polybium</strong></span> <span class='ocrx_word' id='word_1_161' title='bbox 1109 2417 1180 2503; x_wconf 91' lang='lat' dir='ltr'><strong>(qui</strong></span> <span class='ocrx_word' id='word_1_162' title='bbox 1202 2420 1449 2503; x_wconf 72' lang='lat' dir='ltr'><strong>praepositionis</strong></span> 
     </span>
     <span class='ocr_line' id='line_1_18' title="bbox 277 2532 1448 2618; baseline 0.001 -21"><span class='ocrx_word' id='word_1_163' title='bbox 277 2534 306 2598; x_wconf 83' lang='grc' dir='ltr'><strong>ἐν</strong></span> <span class='ocrx_word' id='word_1_164' title='bbox 343 2552 438 2598; x_wconf 89' lang='lat' dir='ltr'><strong>usum</strong></span> <span class='ocrx_word' id='word_1_165' title='bbox 475 2534 720 2617; x_wconf 84' lang='lat' dir='ltr'><strong>praepositionis</strong></span> <span class='ocrx_word' id='word_1_166' title='bbox 755 2532 840 2613; x_wconf 74' lang='grc' dir='ltr'><em>παρα</em></span> <span class='ocrx_word' id='word_1_167' title='bbox 873 2552 937 2596; x_wconf 91' lang='lat' dir='ltr'><strong>usu</strong></span> <span class='ocrx_word' id='word_1_168' title='bbox 969 2533 1097 2616; x_wconf 86' lang='lat' dir='ltr'><strong>saepius</strong></span> <span class='ocrx_word' id='word_1_169' title='bbox 1121 2532 1341 2617; x_wconf 86' lang='lat' dir='ltr'><strong>permutavit),</strong></span> <span class='ocrx_word' id='word_1_170' title='bbox 1363 2535 1448 2618; x_wconf 89' lang='lat' dir='ltr'><strong>apud</strong></span> 
     </span>
     <span class='ocr_line' id='line_1_19' title="bbox 275 2645 1449 2731; baseline 0.001 -19"><span class='ocrx_word' id='word_1_171' title='bbox 275 2647 325 2712; x_wconf 92' lang='lat' dir='ltr'><strong>Pl</strong></span> <span class='ocrx_word' id='word_1_172' title='bbox 339 2669 359 2712; x_wconf 93' lang='lat' dir='ltr'><strong>u</strong></span> <span class='ocrx_word' id='word_1_173' title='bbox 372 2654 385 2712; x_wconf 94' lang='lat' dir='ltr'><strong>t</strong></span> <span class='ocrx_word' id='word_1_174' title='bbox 397 2668 415 2711; x_wconf 89' lang='lat' dir='ltr'><strong>a</strong></span> <span class='ocrx_word' id='word_1_175' title='bbox 428 2648 542 2711; x_wconf 84' lang='lat' dir='ltr'><strong>rehu</strong></span> <span class='ocrx_word' id='word_1_176' title='bbox 555 2667 586 2710; x_wconf 95' lang='lat' dir='ltr'><strong>m</strong></span> <span class='ocrx_word' id='word_1_177' title='bbox 618 2653 648 2711; x_wconf 92' lang='lat' dir='ltr'><strong>et</strong></span> <span class='ocrx_word' id='word_1_178' title='bbox 671 2646 688 2711; x_wconf 92' lang='grc' dir='ltr'>Ι</span> <span class='ocrx_word' id='word_1_179' title='bbox 700 2665 719 2710; x_wconf 94' lang='lat' dir='ltr'><strong>o</strong></span> <span class='ocrx_word' id='word_1_180' title='bbox 732 2666 747 2710; x_wconf 93' lang='lat' dir='ltr'><strong>s</strong></span> <span class='ocrx_word' id='word_1_181' title='bbox 759 2665 777 2711; x_wconf 89' lang='lat' dir='ltr'><strong>e</strong></span> <span class='ocrx_word' id='word_1_182' title='bbox 789 2666 809 2731; x_wconf 93' lang='lat' dir='ltr'><strong>p</strong></span> <span class='ocrx_word' id='word_1_183' title='bbox 822 2647 843 2710; x_wconf 86' lang='lat' dir='ltr'><strong>h</strong></span> <span class='ocrx_word' id='word_1_184' title='bbox 856 2666 879 2710; x_wconf 92' lang='lat' dir='ltr'><strong>u</strong></span> <span class='ocrx_word' id='word_1_185' title='bbox 891 2666 931 2710; x_wconf 93' lang='lat' dir='ltr'><strong>m.</strong></span> <span class='ocrx_word' id='word_1_186' title='bbox 956 2645 1087 2710; x_wconf 81' lang='lat' dir='ltr'><strong>Cassius</strong></span> <span class='ocrx_word' id='word_1_187' title='bbox 1100 2666 1232 2730; x_wconf 92' lang='lat' dir='ltr'><strong>quoque</strong></span> <span class='ocrx_word' id='word_1_188' title='bbox 1256 2647 1449 2713; x_wconf 88' lang='lat' dir='ltr'><strong>creberrime</strong></span> 
     </span>
     <span class='ocr_line' id='line_1_20' title="bbox 275 2758 1449 2847; baseline 0 -21"><span class='ocrx_word' id='word_1_189' title='bbox 275 2762 544 2847; x_wconf 90' lang='lat' dir='ltr'><strong>praepositionem</strong></span> <span class='ocrx_word' id='word_1_190' title='bbox 565 2758 649 2841; x_wconf 76' lang='grc' dir='ltr'><em>παρὰ</em></span> <span class='ocrx_word' id='word_1_191' title='bbox 679 2765 764 2825; x_wconf 90' lang='lat' dir='ltr'><strong>tem</strong></span> <span class='ocrx_word' id='word_1_192' title='bbox 778 2780 799 2844; x_wconf 99' lang='lat' dir='ltr'><strong>p</strong></span> <span class='ocrx_word' id='word_1_193' title='bbox 812 2779 830 2823; x_wconf 92' lang='lat' dir='ltr'><strong>o</strong></span> <span class='ocrx_word' id='word_1_194' title='bbox 842 2780 859 2823; x_wconf 89' lang='lat' dir='ltr'><strong>r</strong></span> <span class='ocrx_word' id='word_1_195' title='bbox 870 2780 890 2823; x_wconf 92' lang='lat' dir='ltr'><strong>a</strong></span> <span class='ocrx_word' id='word_1_196' title='bbox 901 2760 936 2823; x_wconf 94' lang='lat' dir='ltr'><strong>li</strong></span> <span class='ocrx_word' id='word_1_197' title='bbox 967 2762 1125 2825; x_wconf 88' lang='lat' dir='ltr'><strong>sententia</strong></span> <span class='ocrx_word' id='word_1_198' title='bbox 1137 2766 1280 2825; x_wconf 91' lang='lat' dir='ltr'><strong>ornatam</strong></span> <span class='ocrx_word' id='word_1_199' title='bbox 1294 2762 1449 2826; x_wconf 86' lang='lat' dir='ltr'><strong>adhibuit.</strong></span> 
     </span>
    </p>

    <p class='ocr_par' dir='ltr' id='par_1_3' title="bbox 277 2874 1450 3074">
     <span class='ocr_line' id='line_1_21' title="bbox 321 2874 1450 2959; baseline 0.001 -19"><span class='ocrx_word' id='word_1_200' title='bbox 321 2874 479 2941; x_wconf 89' lang='lat' dir='ltr'><strong>Dabimus</strong></span> <span class='ocrx_word' id='word_1_201' title='bbox 511 2876 669 2959; x_wconf 86' lang='lat' dir='ltr'><strong>exempla,</strong></span> <span class='ocrx_word' id='word_1_202' title='bbox 700 2893 783 2958; x_wconf 89' lang='lat' dir='ltr'><strong>quae</strong></span> <span class='ocrx_word' id='word_1_203' title='bbox 806 2875 1015 2958; x_wconf 87' lang='lat' dir='ltr'><strong>repperimus,</strong></span> <span class='ocrx_word' id='word_1_204' title='bbox 1038 2874 1157 2957; x_wconf 89' lang='lat' dir='ltr'><strong>quibus</strong></span> <span class='ocrx_word' id='word_1_205' title='bbox 1182 2875 1337 2940; x_wconf 88' lang='lat' dir='ltr'><strong>addemus</strong></span> <span class='ocrx_word' id='word_1_206' title='bbox 1360 2877 1450 2941; x_wconf 88' lang='lat' dir='ltr'><strong>locos</strong></span> 
     </span>
     <span class='ocr_line' id='line_1_22' title="bbox 277 2987 977 3074; baseline -0.006 -20"><span class='ocrx_word' id='word_1_207' title='bbox 277 2991 414 3054; x_wconf 91' lang='lat' dir='ltr'><strong>aliorum</strong></span> <span class='ocrx_word' id='word_1_208' title='bbox 438 2990 629 3074; x_wconf 88' lang='lat' dir='ltr'><strong>scriptorum</strong></span> <span class='ocrx_word' id='word_1_209' title='bbox 653 2987 839 3053; x_wconf 82' lang='lat' dir='ltr'><strong>conferendi</strong></span> <span class='ocrx_word' id='word_1_210' title='bbox 863 3007 977 3052; x_wconf 84' lang='lat' dir='ltr'><strong>eausa:</strong></span> 
     </span>
    </p>

    <p class='ocr_par' dir='ltr' id='par_1_4' title="bbox 276 3102 1449 3282">
     <span class='ocr_line' id='line_1_23' title="bbox 321 3102 1449 3187; baseline 0 -19"><span class='ocrx_word' id='word_1_211' title='bbox 321 3104 355 3187; x_wconf 86' lang='lat' dir='ltr'><strong>a)</strong></span> <span class='ocrx_word' id='word_1_212' title='bbox 390 3102 439 3168; x_wconf 91' lang='lat' dir='ltr'><strong>De</strong></span> <span class='ocrx_word' id='word_1_213' title='bbox 474 3102 571 3169; x_wconf 92' lang='lat' dir='ltr'><strong>rebus</strong></span> <span class='ocrx_word' id='word_1_214' title='bbox 607 3108 749 3187; x_wconf 87' lang='lat' dir='ltr'><strong>tempore</strong></span> <span class='ocrx_word' id='word_1_215' title='bbox 783 3103 964 3166; x_wconf 82' lang='lat' dir='ltr'><strong>coniunctis</strong></span> <span class='ocrx_word' id='word_1_216' title='bbox 987 3102 1032 3166; x_wconf 87' lang='lat' dir='ltr'><strong>ita</strong></span> <span class='ocrx_word' id='word_1_217' title='bbox 1056 3106 1092 3166; x_wconf 88' lang='lat' dir='ltr'><strong>ut</strong></span> <span class='ocrx_word' id='word_1_218' title='bbox 1127 3102 1325 3167; x_wconf 87' lang='lat' dir='ltr'><strong>aiteram</strong></span> <span class='ocrx_word' id='word_1_219' title='bbox 1360 3123 1449 3168; x_wconf 91' lang='lat' dir='ltr'><strong>rem</strong></span> 
     </span>
     <span class='ocr_line' id='line_1_24' title="bbox 276 3212 1310 3282; baseline -0.001 0"><span class='ocrx_word' id='word_1_220' title='bbox 276 3220 509 3282; x_wconf 78' lang='lat' dir='ltr'><strong>continuo</strong></span> <span class='ocrx_word' id='word_1_221' title='bbox 544 3236 630 3280; x_wconf 89' lang='lat' dir='ltr'><strong>una</strong></span> <span class='ocrx_word' id='word_1_222' title='bbox 665 3235 762 3280; x_wconf 87' lang='lat' dir='ltr'><strong>eum</strong></span> <span class='ocrx_word' id='word_1_223' title='bbox 797 3215 953 3280; x_wconf 90' lang='lat' dir='ltr'><strong>altera</strong></span> <span class='ocrx_word' id='word_1_224' title='bbox 987 3212 1098 3281; x_wconf 88' lang='lat' dir='ltr'><strong>fieri</strong></span> <span class='ocrx_word' id='word_1_225' title='bbox 1132 3216 1310 3281; x_wconf 87' lang='lat' dir='ltr'><strong>indicetur:</strong></span> 
     </span>
    </p>

    <p class='ocr_par' dir='ltr' id='par_1_5' title="bbox 277 3326 1453 3757">
     <span class='ocr_line' id='line_1_25' title="bbox 322 3326 1450 3415; baseline -0.003 -19"><span class='ocrx_word' id='word_1_226' title='bbox 322 3333 376 3415; x_wconf 90' lang='grc'><strong>46,</strong></span> <span class='ocrx_word' id='word_1_227' title='bbox 415 3331 466 3414; x_wconf 87' lang='grc'><strong>18,</strong></span> <span class='ocrx_word' id='word_1_228' title='bbox 503 3330 540 3395; x_wconf 83' lang='grc'><strong>6;</strong></span> <span class='ocrx_word' id='word_1_229' title='bbox 575 3326 725 3414; x_wconf 61' lang='lat' dir='ltr'><strong>destasia</strong></span> <span class='ocrx_word' id='word_1_230' title='bbox 749 3329 800 3393; x_wconf 78' lang='grc' dir='ltr'><strong>καὶ</strong></span> <span class='ocrx_word' id='word_1_231' title='bbox 824 3327 994 3413; x_wconf 68' lang='grc' dir='ltr'><em>ἀκαθαρσία</em></span> <span class='ocrx_word' id='word_1_232' title='bbox 1018 3352 1053 3393; x_wconf 92' lang='grc' dir='ltr'><strong>π.</strong></span> <span class='ocrx_word' id='word_1_233' title='bbox 1079 3326 1184 3394; x_wconf 68' lang='grc' dir='ltr'><em>πάντα</em></span> <span class='ocrx_word' id='word_1_234' title='bbox 1209 3330 1259 3395; x_wconf 79' lang='grc' dir='ltr'><strong>τὸν</strong></span> <span class='ocrx_word' id='word_1_235' title='bbox 1283 3329 1349 3408; x_wconf 78' lang='grc' dir='ltr'><em>βίον</em></span> <span class='ocrx_word' id='word_1_236' title='bbox 1368 3330 1450 3412; x_wconf 80' lang='grc' dir='ltr'><em>χρώ·</em></span> 
     </span>
     <span class='ocr_line' id='line_1_26' title="bbox 277 3442 1453 3531; baseline -0.003 -19"><span class='ocrx_word' id='word_1_237' title='bbox 277 3469 364 3526; x_wconf 79' lang='grc' dir='ltr'><em>μενος</em></span> <span class='ocrx_word' id='word_1_238' title='bbox 388 3443 439 3531; x_wconf 85' lang='lat' dir='ltr'><strong>(of.</strong></span> <span class='ocrx_word' id='word_1_239' title='bbox 464 3444 555 3510; x_wconf 89' lang='lat' dir='ltr'><strong>Plato</strong></span> <span class='ocrx_word' id='word_1_240' title='bbox 578 3445 659 3529; x_wconf 88' lang='lat' dir='ltr'><strong>legg.</strong></span> <span class='ocrx_word' id='word_1_241' title='bbox 684 3465 714 3529; x_wconf 93' lang='lat' dir='ltr'><strong>p.</strong></span> <span class='ocrx_word' id='word_1_242' title='bbox 739 3445 812 3526; x_wconf 91' lang='grc'>717,</span> <span class='ocrx_word' id='word_1_243' title='bbox 834 3443 910 3528; x_wconf 91' lang='lat' dir='ltr'><strong>Rep.</strong></span> <span class='ocrx_word' id='word_1_244' title='bbox 934 3464 964 3528; x_wconf 88' lang='lat' dir='ltr'><strong>p.</strong></span> <span class='ocrx_word' id='word_1_245' title='bbox 984 3445 1049 3508; x_wconf 84' lang='lat'><strong>412</strong></span> <span class='ocrx_word' id='word_1_246' title='bbox 1069 3442 1116 3524; x_wconf 89' lang='lat' dir='ltr'><strong>D;</strong></span> <span class='ocrx_word' id='word_1_247' title='bbox 1136 3444 1221 3510; x_wconf 85' lang='lat' dir='ltr'><strong>Plut.</strong></span> <span class='ocrx_word' id='word_1_248' title='bbox 1241 3443 1320 3508; x_wconf 89' lang='lat' dir='ltr'><strong>Mor.</strong></span> <span class='ocrx_word' id='word_1_249' title='bbox 1337 3445 1400 3509; x_wconf 92' lang='grc'><strong>112</strong></span> <span class='ocrx_word' id='word_1_250' title='bbox 1413 3445 1453 3529; x_wconf 92' lang='grc' dir='ltr'><strong>Β,</strong></span> 
     </span>
     <span class='ocr_line' id='line_1_27' title="bbox 281 3551 1449 3644; baseline -0.002 -18"><span class='ocrx_word' id='word_1_251' title='bbox 281 3562 343 3626; x_wconf 83' lang='grc'><strong>132</strong></span> <span class='ocrx_word' id='word_1_252' title='bbox 378 3559 421 3640; x_wconf 87' lang='grc' dir='ltr'><strong>Β;</strong></span> <span class='ocrx_word' id='word_1_253' title='bbox 459 3558 572 3641; x_wconf 81' lang='lat' dir='ltr'><strong>Polyb.</strong></span> <span class='ocrx_word' id='word_1_254' title='bbox 604 3559 791 3642; x_wconf 87' lang='lat' dir='ltr'><strong>saepissime</strong></span> <span class='ocrx_word' id='word_1_255' title='bbox 815 3559 886 3638; x_wconf 83' lang='grc' dir='ltr'><em>παρ’</em></span> <span class='ocrx_word' id='word_1_256' title='bbox 915 3553 978 3622; x_wconf 76' lang='grc' dir='ltr'><em>δ’λνν</em></span> <span class='ocrx_word' id='word_1_257' title='bbox 1002 3557 1051 3623; x_wconf 80' lang='grc' dir='ltr'><strong>τὸν</strong></span> <span class='ocrx_word' id='word_1_258' title='bbox 1075 3557 1141 3636; x_wconf 74' lang='grc' dir='ltr'><em>βίον</em></span> <span class='ocrx_word' id='word_1_259' title='bbox 1162 3578 1188 3624; x_wconf 89' lang='lat' dir='ltr'><strong>e.</strong></span> <span class='ocrx_word' id='word_1_260' title='bbox 1199 3579 1229 3644; x_wconf 86' lang='lat' dir='ltr'><strong>g.</strong></span> <span class='ocrx_word' id='word_1_261' title='bbox 1253 3551 1290 3642; x_wconf 90' lang='grc'><strong>2,</strong></span> <span class='ocrx_word' id='word_1_262' title='bbox 1310 3559 1364 3642; x_wconf 82' lang='grc'><strong>59,</strong></span> <span class='ocrx_word' id='word_1_263' title='bbox 1391 3560 1449 3642; x_wconf 86' lang='grc'>10;</span> 
     </span>
     <span class='ocr_line' id='line_1_28' title="bbox 278 3671 797 3757; baseline -0.008 -18"><span class='ocrx_word' id='word_1_264' title='bbox 278 3674 310 3757; x_wconf 97' lang='grc'><strong>4,</strong></span> <span class='ocrx_word' id='word_1_265' title='bbox 334 3674 388 3757; x_wconf 92' lang='grc'>20,</span> <span class='ocrx_word' id='word_1_266' title='bbox 414 3673 472 3754; x_wconf 75' lang='lat'><strong>103</strong></span> <span class='ocrx_word' id='word_1_267' title='bbox 498 3673 529 3756; x_wconf 81' lang='lat'><strong>5,</strong></span> <span class='ocrx_word' id='word_1_268' title='bbox 555 3673 607 3756; x_wconf 89' lang='grc'>10,</span> <span class='ocrx_word' id='word_1_269' title='bbox 634 3672 691 3753; x_wconf 86' lang='grc'>10;</span> <span class='ocrx_word' id='word_1_270' title='bbox 717 3671 797 3756; x_wconf 86' lang='lat' dir='ltr'><strong>eet).</strong></span> 
     </span>
    </p>

    <p class='ocr_par' dir='ltr' id='par_1_6' title="bbox 325 3781 1392 3871">
     <span class='ocr_line' id='line_1_29' title="bbox 325 3781 1392 3871; baseline -0.002 -19"><span class='ocrx_word' id='word_1_271' title='bbox 325 3788 379 3871; x_wconf 81' lang='grc'><strong>46,</strong></span> <span class='ocrx_word' id='word_1_272' title='bbox 404 3789 435 3871; x_wconf 87' lang='grc'><strong>7,</strong></span> <span class='ocrx_word' id='word_1_273' title='bbox 461 3787 497 3850; x_wconf 90' lang='lat'><strong>1:</strong></span> <span class='ocrx_word' id='word_1_274' title='bbox 521 3782 628 3866; x_wconf 76' lang='lat' dir='ltr'><strong>oirrpoa</strong></span> <span class='ocrx_word' id='word_1_275' title='bbox 651 3808 682 3849; x_wconf 80' lang='grc' dir='ltr'><strong>τι</strong></span> <span class='ocrx_word' id='word_1_276' title='bbox 707 3808 741 3849; x_wconf 93' lang='grc' dir='ltr'><strong>π.</strong></span> <span class='ocrx_word' id='word_1_277' title='bbox 768 3782 872 3860; x_wconf 74' lang='grc' dir='ltr'><em>πασας</em></span> <span class='ocrx_word' id='word_1_278' title='bbox 895 3785 953 3858; x_wconf 77' lang='grc' dir='ltr'><strong>τας</strong></span> <span class='ocrx_word' id='word_1_279' title='bbox 975 3783 1088 3864; x_wconf 77' lang='grc' dir='ltr'><em>ἡμέρας</em></span> <span class='ocrx_word' id='word_1_280' title='bbox 1110 3781 1224 3856; x_wconf 72' lang='grc' dir='ltr'><em>ἐκείνας</em></span> <span class='ocrx_word' id='word_1_281' title='bbox 1248 3781 1392 3867; x_wconf 72' lang='grc' dir='ltr'><strong>ἐξεφάνη.</strong></span> 
     </span>
    </p>

    <p class='ocr_par' dir='ltr' id='par_1_7' title="bbox 280 3895 1452 4556">
     <span class='ocr_line' id='line_1_30' title="bbox 327 3895 1451 3985; baseline -0.002 -19"><span class='ocrx_word' id='word_1_282' title='bbox 327 3903 379 3985; x_wconf 90' lang='grc'><strong>79,</strong></span> <span class='ocrx_word' id='word_1_283' title='bbox 406 3900 458 3984; x_wconf 95' lang='grc'>16,</span> <span class='ocrx_word' id='word_1_284' title='bbox 483 3900 519 3965; x_wconf 85' lang='grc'><strong>6;</strong></span> <span class='ocrx_word' id='word_1_285' title='bbox 556 3898 690 3983; x_wconf 72' lang='grc' dir='ltr'><em>αστυτία</em></span> <span class='ocrx_word' id='word_1_286' title='bbox 725 3922 760 3964; x_wconf 94' lang='grc' dir='ltr'><strong>π.</strong></span> <span class='ocrx_word' id='word_1_287' title='bbox 798 3902 902 3964; x_wconf 70' lang='grc' dir='ltr'><em>πᾶσαν</em></span> <span class='ocrx_word' id='word_1_288' title='bbox 924 3899 978 3973; x_wconf 69' lang='grc' dir='ltr'><strong>τὴν</strong></span> <span class='ocrx_word' id='word_1_289' title='bbox 1002 3895 1097 3962; x_wconf 83' lang='grc' dir='ltr'><em>νύκτα</em></span> <span class='ocrx_word' id='word_1_290' title='bbox 1120 3897 1278 3978; x_wconf 81' lang='grc' dir='ltr'><em>τυσχεθείς</em></span> <span class='ocrx_word' id='word_1_291' title='bbox 1301 3899 1371 3984; x_wconf 90' lang='lat' dir='ltr'><strong>(ubi</strong></span> <span class='ocrx_word' id='word_1_292' title='bbox 1394 3899 1451 3964; x_wconf 82' lang='lat' dir='ltr'><strong>VO</strong></span> 
     </span>
     <span class='ocr_line' id='line_1_31' title="bbox 280 4011 1451 4098; baseline -0.001 -20"><span class='ocrx_word' id='word_1_293' title='bbox 280 4013 346 4094; x_wconf 77' lang='grc' dir='ltr'><strong>περὶ</strong></span> <span class='ocrx_word' id='word_1_294' title='bbox 370 4013 540 4098; x_wconf 85' lang='lat' dir='ltr'><strong>praebent3</strong></span> <span class='ocrx_word' id='word_1_295' title='bbox 565 4012 641 4078; x_wconf 88' lang='lat' dir='ltr'><strong>Zon.</strong></span> <span class='ocrx_word' id='word_1_296' title='bbox 665 4011 728 4086; x_wconf 76' lang='grc' dir='ltr'><strong>ἐπί,</strong></span> <span class='ocrx_word' id='word_1_297' title='bbox 752 4035 770 4078; x_wconf 90' lang='lat' dir='ltr'><strong>a</strong></span> <span class='ocrx_word' id='word_1_298' title='bbox 794 4012 940 4076; x_wconf 83' lang='lat' dir='ltr'><strong>Bekkero</strong></span> <span class='ocrx_word' id='word_1_299' title='bbox 963 4012 1153 4097; x_wconf 81' lang='lat' dir='ltr'><strong>receptam);</strong></span> <span class='ocrx_word' id='word_1_300' title='bbox 1179 4011 1318 4077; x_wconf 83' lang='lat' dir='ltr'><strong>Zonaras</strong></span> <span class='ocrx_word' id='word_1_301' title='bbox 1341 4018 1451 4077; x_wconf 89' lang='lat' dir='ltr'><strong>nostro</strong></span> 
     </span>
     <span class='ocr_line' id='line_1_32' title="bbox 280 4125 1451 4215; baseline 0 -25"><span class='ocrx_word' id='word_1_302' title='bbox 280 4128 349 4194; x_wconf 88' lang='lat' dir='ltr'><strong>loeo</strong></span> <span class='ocrx_word' id='word_1_303' title='bbox 374 4165 415 4174; x_wconf 93' lang='lat'>-</span> <span class='ocrx_word' id='word_1_304' title='bbox 439 4128 523 4192; x_wconf 88' lang='lat' dir='ltr'><strong>siout</strong></span> <span class='ocrx_word' id='word_1_305' title='bbox 546 4129 610 4191; x_wconf 92' lang='lat' dir='ltr'><strong>iam</strong></span> <span class='ocrx_word' id='word_1_306' title='bbox 636 4128 711 4191; x_wconf 89' lang='lat' dir='ltr'><strong>iude</strong></span> <span class='ocrx_word' id='word_1_307' title='bbox 734 4148 753 4191; x_wconf 96' lang='lat' dir='ltr'><strong>a</strong></span> <span class='ocrx_word' id='word_1_308' title='bbox 775 4126 857 4190; x_wconf 91' lang='lat' dir='ltr'><strong>libro</strong></span> <span class='ocrx_word' id='word_1_309' title='bbox 881 4125 1023 4190; x_wconf 83' lang='lat' dir='ltr'>LXVIII</span> <span class='ocrx_word' id='word_1_310' title='bbox 1049 4164 1088 4172; x_wconf 93' lang='lat'><em>-</em></span> <span class='ocrx_word' id='word_1_311' title='bbox 1113 4127 1275 4210; x_wconf 79' lang='lat' dir='ltr'><strong>excerpsit</strong></span> <span class='ocrx_word' id='word_1_312' title='bbox 1297 4129 1451 4215; x_wconf 90' lang='lat' dir='ltr'><strong>epitoma·</strong></span> 
     </span>
     <span class='ocr_line' id='line_1_33' title="bbox 281 4239 1451 4326; baseline -0.003 -19"><span class='ocrx_word' id='word_1_313' title='bbox 281 4249 382 4307; x_wconf 91' lang='lat' dir='ltr'><strong>torem</strong></span> <span class='ocrx_word' id='word_1_314' title='bbox 416 4240 632 4326; x_wconf 80' lang='lat' dir='ltr'><strong>Xiphilinum,</strong></span> <span class='ocrx_word' id='word_1_315' title='bbox 665 4260 728 4304; x_wconf 88' lang='lat' dir='ltr'><strong>nou</strong></span> <span class='ocrx_word' id='word_1_316' title='bbox 756 4242 863 4324; x_wconf 88' lang='lat' dir='ltr'><strong>ipsum</strong></span> <span class='ocrx_word' id='word_1_317' title='bbox 887 4239 1042 4321; x_wconf 78' lang='lat' dir='ltr'><strong>Diouem3</strong></span> <span class='ocrx_word' id='word_1_318' title='bbox 1068 4240 1236 4305; x_wconf 78' lang='lat' dir='ltr'><strong>lectionem</strong></span> <span class='ocrx_word' id='word_1_319' title='bbox 1260 4241 1361 4324; x_wconf 86' lang='lat' dir='ltr'><strong>igitur</strong></span> <span class='ocrx_word' id='word_1_320' title='bbox 1384 4240 1451 4320; x_wconf 80' lang='grc' dir='ltr'><strong>περὶ</strong></span> 
     </span>
     <span class='ocr_line' id='line_1_34' title="bbox 283 4351 1452 4441; baseline -0.001 -20"><span class='ocrx_word' id='word_1_321' title='bbox 283 4377 380 4441; x_wconf 93' lang='lat' dir='ltr'><strong>quam</strong></span> <span class='ocrx_word' id='word_1_322' title='bbox 405 4356 490 4440; x_wconf 89' lang='lat' dir='ltr'><strong>apud</strong></span> <span class='ocrx_word' id='word_1_323' title='bbox 513 4355 720 4440; x_wconf 89' lang='lat' dir='ltr'><strong>Xiphilinum</strong></span> <span class='ocrx_word' id='word_1_324' title='bbox 745 4357 870 4420; x_wconf 88' lang='lat' dir='ltr'><strong>invenit</strong></span> <span class='ocrx_word' id='word_1_325' title='bbox 893 4355 1042 4436; x_wconf 88' lang='lat' dir='ltr'><strong>Zonaras,</strong></span> <span class='ocrx_word' id='word_1_326' title='bbox 1065 4356 1100 4417; x_wconf 92' lang='lat' dir='ltr'><strong>in</strong></span> <span class='ocrx_word' id='word_1_327' title='bbox 1121 4351 1175 4417; x_wconf 76' lang='grc' dir='ltr'><strong>ἐπὶ</strong></span> <span class='ocrx_word' id='word_1_328' title='bbox 1199 4361 1340 4419; x_wconf 87' lang='lat' dir='ltr'><strong>mutasse</strong></span> <span class='ocrx_word' id='word_1_329' title='bbox 1364 4356 1452 4419; x_wconf 86' lang='lat' dir='ltr'><strong>vide-</strong></span> 
     </span>
     <span class='ocr_line' id='line_1_35' title="bbox 281 4468 1452 4556; baseline -0.003 -19"><span class='ocrx_word' id='word_1_330' title='bbox 281 4479 336 4538; x_wconf 88' lang='lat' dir='ltr'><strong>tur</strong></span> <span class='ocrx_word' id='word_1_331' title='bbox 360 4473 437 4556; x_wconf 89' lang='lat' dir='ltr'><strong>quia</strong></span> <span class='ocrx_word' id='word_1_332' title='bbox 456 4470 648 4555; x_wconf 88' lang='lat' dir='ltr'><strong>praepositio</strong></span> <span class='ocrx_word' id='word_1_333' title='bbox 670 4468 736 4549; x_wconf 75' lang='grc' dir='ltr'><strong>περὶ</strong></span> <span class='ocrx_word' id='word_1_334' title='bbox 748 4469 825 4534; x_wconf 85' lang='lat' dir='ltr'><strong>huic</strong></span> <span class='ocrx_word' id='word_1_335' title='bbox 837 4471 1015 4534; x_wconf 87' lang='lat' dir='ltr'><strong>sententiae</strong></span> <span class='ocrx_word' id='word_1_336' title='bbox 1027 4470 1160 4533; x_wconf 89' lang='lat' dir='ltr'><strong>minime</strong></span> <span class='ocrx_word' id='word_1_337' title='bbox 1172 4468 1358 4551; x_wconf 81' lang='lat' dir='ltr'><strong>quadraret3</strong></span> <span class='ocrx_word' id='word_1_338' title='bbox 1373 4471 1452 4534; x_wconf 88' lang='lat' dir='ltr'><strong>vitio</strong></span> 
     </span>
    </p>
   </div>
   <div class='ocr_carea' id='block_1_3' title="bbox 0 0 1707 5212">
    <p class='ocr_par' dir='ltr' id='par_1_8' title="bbox 0 0 1707 5212">
     <span class='ocr_line' id='line_1_36' title="bbox 0 0 1707 5212; baseline 0 0"><span class='ocrx_word' id='word_1_339' title='bbox 0 0 1707 5212; x_wconf 95' lang='lat' dir='ltr'><strong> </strong></span> 
     </span>
    </p>
   </div>
  </div>
 </body>
</html>
