3400 5212
827 507 871 571 49

307 692 411 757 Aliter
444 711 496 758 res
527 711 562 758 se
591 691 686 758 habet
718 693 773 772 48,
796 695 828 772 4,
853 694 884 772 4,
908 713 1104 780 quamquam
1129 696 1284 761 articulus
1307 696 1436 761 additus

262 810 310 870 est
331 805 510 887 infinitiv03
535 807 674 891 legimus
699 805 803 872 enim:

307 918 340 982 τό
356 916 472 982 ’δοῦναί
494 942 553 982 τινι
578 915 713 994 ἐξουσίαν
736 927 792 995 τῆς
816 923 873 984 τῶν
896 919 1063 1001 νικητηρίων
1089 921 1235 1002 πόμψεας
1259 913 1361 1002 μεῖζον
1384 926 1435 986 τοῦ

262 1029 427 1112 διεορτοόται
451 1030 535 1096 αὐτοὶ
560 1033 632 1112 παρ’
657 1031 754 1112 ἑτέρον
778 1031 918 1111 λαβόντα
942 1027 985 1107 ἦν,
1009 1054 1093 1119 quae
1119 1035 1216 1101 verba
1235 1035 1435 1122 significant:

261 1145 368 1211 Maius
398 1152 475 1224 erat,
507 1148 606 1212 alicui
637 1149 794 1232 triumphi
825 1153 1015 1232 potestatem
1039 1151 1214 1216 concedere
1239 1170 1336 1235 quam
1361 1169 1436 1215 eum

261 1279 449 1327 conoessum
474 1260 515 1326 ab
539 1262 602 1326 alio
626 1262 754 1328 ducere.
777 1261 965 1327 Infinitivns
985 1260 1153 1342 διεορτόοαι
1172 1264 1350 1348 praemisso
1362 1263 1436 1326 arti-

261 1375 334 1440 culo
357 1395 422 1440 non
446 1377 566 1460 pendet
589 1395 630 1441 ex
654 1374 753 1441 verbo
779 1373 927 1453 λαβόντα,
952 1375 1008 1440 sed
1031 1381 1118 1441 arcte
1140 1378 1225 1442 inter
1244 1395 1279 1442 se
1301 1377 1436 1440 coniun-

260 1490 365 1573 genda
399 1495 477 1554 sunt
511 1488 611 1554 verba
642 1487 810 1569 διεορτοόται
825 1535 832 1551 .
848 1537 856 1554 .
871 1537 901 1554 ..
925 1487 1076 1566 λαβόντα,
1103 1509 1185 1574 quae
1207 1491 1314 1554 omnia
1339 1490 1436 1554 unius

261 1623 277 1668 s
290 1624 311 1668 u
324 1602 344 1667 b
357 1623 372 1668 s
385 1608 461 1668 tan
475 1605 510 1668 ti
522 1605 566 1666 ri
601 1604 671 1667 loco
696 1601 890 1668 adhibentur
909 1603 1112 1687 praecedenti
1124 1605 1277 1684 articulo;
1290 1602 1324 1667 τό
1337 1603 1435 1666 δοῦναι

262 1719 435 1801 opponitur
471 1717 512 1797 τῷ
548 1714 716 1796 διεορτοόοαι
750 1715 821 1796 παρ’
846 1714 940 1796 ἑτέρον
964 1715 1113 1795 λαβόντα,
1137 1737 1179 1782 sc.
1204 1717 1258 1791 τὴν
1282 1712 1435 1791 dicaciam

262 1831 347 1895 illud
370 1832 456 1895 enim
482 1830 588 1894 mains
610 1834 660 1893 est
682 1829 752 1893 hoc.

305 1943 423 2009 Paucis
456 1943 521 2007 iam
545 1943 717 2008 dicendum
741 1948 790 2008 est
813 1943 852 2008 de
876 1943 1002 2027 aliquot
1025 1943 1211 2027 compositis
1235 1942 1325 2008 verbi
1348 1943 1437 2027 quod

262 2063 311 2123 est
334 2035 518 2135 λαμβόνειν,
542 2077 626 2142 quae
650 2077 725 2122 cum
745 2059 981 2143 praepositione
995 2057 1438 2139 ropdconinnctainDionis

262 2170 354 2236 libris
389 2176 573 2236 occurrunt.
605 2171 715 2236 Primo
745 2172 816 2236 ioco
839 2169 1098 2250 όντιλαμβόνεινε
1122 2172 1205 2256 alqd.
1229 2174 1374 2256 accipere
1396 2171 1436 2236 ab

260 2286 369 2370 aliquo
404 2305 462 2370 pro
498 2284 652 2350 beneficio
684 2287 719 2348 in
751 2287 859 2370 ipsum
882 2286 1015 2350 collato:
1040 2287 1087 2350 sic
1110 2286 1165 2364 40,
1189 2286 1242 2364 51,
1268 2286 1305 2348 3:
1330 2283 1437 2369 Scipio
1493 2334 1498 2354 .

261 2400 314 2473 τὴν
351 2398 499 2479 όννατέρα
533 2399 573 2479 τῷ
609 2398 760 2480 Πομπηίῳ
795 2396 921 2474 ἐξέδωκε
945 2398 997 2462 καὶ
1021 2399 1091 2479 παρ’
1116 2398 1274 2471 αὐτοῦτήν
1296 2421 1330 2461 τε
1354 2398 1436 2461 ὑπα-

262 2511 346 2576 τείαν
382 2511 433 2576 καὶ
470 2512 503 2576 τὸ
526 2513 570 2590 μὴ
592 2512 825 2592 καταρορνόῆναι
848 2511 1005 2591 οὶντὲλαβε
1029 2510 1139 2593 (ἔλαβε
1162 2513 1272 2596 itaque
1295 2511 1363 2575 αντὶ
1387 2515 1437 2575 τοῦ

262 2626 417 2708 ἐκδοῦναι).

305 2740 387 2822 item
411 2740 451 2804 de
475 2757 607 2804 munere
630 2739 718 2824 quod
742 2738 883 2804 dandum
908 2744 975 2804 erat
998 2758 1039 2804 ex
1063 2741 1222 2824 promisso
1241 2739 1282 2803 ad
1302 2741 1437 2824 gratiam

261 2855 475 2920 reddendam:
511 2855 565 2932 48,
602 2856 632 2932 5,
670 2856 707 2917 2:
743 2852 944 2932 διννέχόνοαν
979 2849 1004 2918 οἳ
1040 2854 1095 2932 μὲν
1125 2860 1179 2934 (nc.
1211 2855 1376 2919 Antonius
1406 2860 1438 2920 et

261 2969 388 3048 Fulvia)
422 2964 466 3033 ότι
481 3013 579 3040 .....
615 2963 628 3032 ό
665 2967 697 3030 δὲ
734 2968 791 3051 (sc.
823 2966 952 3052 Caesar)
984 2963 1029 3031 ότι
1053 2966 1096 3032 τόι
1118 2965 1341 3048 στρατεύματα
1365 2969 1436 3048 παρ’

261 3082 359 3146 αὐτῶν
383 3082 435 3145 οὐκ
457 3079 615 3158 όντέλαβε
639 3080 690 3166 [de
714 3081 835 3165 quibus
860 3080 1042 3166 legionibus
1061 3083 1229 3166 promissis
1241 3081 1282 3146 ab
1293 3083 1437 3146 Antonio

260 3198 400 3282 legimus
435 3197 489 3274 48,
526 3198 556 3274 2,
593 3195 630 3258 ὃς
667 3195 860 3279 (Antonius)
884 3191 970 3275 ἕτερα
986 3244 993 3260 .
1008 3244 1015 3260 .
1029 3242 1061 3260 ..
1087 3191 1138 3258 ἴσα
1161 3193 1331 3259 οέντιδότειν
1353 3195 1436 3275 αὐτῷ

188 3347 191 3352 ’
262 3313 319 3396 (sc.
343 3310 486 3394 Caesari)
510 3308 744 3394 ἐτνγρεόλατο].

305 3425 347 3490 Et
380 3426 531 3490 universe
565 3424 619 3497 τὴν
642 3421 746 3500 ὁμοίαν
768 3420 1012 3501 ἀντιλαμβάνειν
1037 3419 1121 3503 ταροό
1145 3445 1220 3495 τινος
1242 3424 1295 3500 46,
1321 3424 1373 3500 29,
1400 3422 1436 3484 l:

306 3537 415 3603 Cicero
448 3539 518 3621 ipse
553 3535 605 3600 aa>
641 3533 760 3616 όιιροότιρ
792 3534 843 3599 καὶ
876 3541 1039 3615 κατακορεῖ
1059 3545 1096 3617 τῇ
1122 3533 1271 3616 παρρησία
1294 3533 1341 3598 obsi
1367 3534 1437 3614 πρὸς

263 3652 384 3725 πάντας
406 3650 512 3729 όμοίινς
535 3652 658 3730 ἐχρῆτο,
684 3649 768 3730 παροδ
791 3649 822 3712 δὲ
847 3650 882 3724 δὴ
904 3653 960 3713 τῶν
979 3646 1083 3713 ἄλλων
1102 3649 1152 3712 οὐκ
1172 3645 1255 3722 ἠξίου
1268 3646 1437 3725 τὴνόμοόαν

261 3763 515 3844 αντιλαμβόνειν.
541 3765 657 3843 (noluit
679 3763 719 3828 ab
742 3764 814 3828 aliis
838 3764 900 3828 sibi
922 3783 980 3847 par
1004 3765 1073 3847 pari
1096 3762 1229 3842 referri).

306 3879 405 3964 Apud
438 3878 639 3943 Herodotum
670 3876 720 3942 bis
752 3879 892 3942 occurrit
925 3877 979 3950 τὴν
1003 3875 1103 3954 όμοόαν
1125 3877 1182 3960 (sc.
1207 3875 1299 3950 δι’κιρν,
1326 3876 1436 3950 ποινήν,

264 3993 368 4078 χάριν)
399 3991 572 4057 ότοδιδόναι
604 3990 673 4064 τινί,
704 3992 806 4057 veluti
830 3990 886 4055 IV.
912 3990 1072 4071 119;V1.
1098 3991 1156 4070 213
1182 3991 1281 4055 semel
1306 4009 1437 4074 quoque

262 4105 494 4172 ἀνταποδιδόναι
531 4106 564 4169 τό
600 4103 695 4184 όμοῖον
729 4105 753 4170 Ι.
792 4107 848 4186 18;
884 4105 1072 4188 simpliciter
1106 4103 1214 4167 διδόναι
1249 4104 1303 4177 τὴν
1336 4102 1437 4181 όμοόνρν

263 4224 400 4287 occurrit
435 4221 491 4284 VI.
528 4223 586 4300 623
623 4221 734 4285 eodem
770 4221 873 4304 capite
907 4221 1075 4284 invenitur
1109 4219 1163 4293 τὴν
1196 4217 1296 4295 όμοίνν
1326 4216 1437 4296 ζητέων

266 4337 405 4418 φέρεσθαι
433 4334 504 4415 παρ’
531 4333 635 4398 ἐκείνου
659 4333 840 4418 (postulans
862 4339 897 4397 nt
916 4332 978 4397 sibi
997 4331 1103 4396 abillo
1119 4332 1438 4416 pariareferrentur).
1534 4407 1536 4412 ,

307 4448 550 4527 όντιλαμβόνειν
574 4469 647 4514 cum
672 4446 769 4514 verbo
793 4445 971 4511 ἀντιδιδόναι
996 4449 1205 4511 coniunctum
1227 4448 1365 4511 occurrit
1384 4447 1437 4525 37,
