3378 5212
803 534 866 598 107

252 720 348 803 legati
372 721 411 783 ad
436 723 618 800 exereitus,
642 723 687 784 ita
709 719 833 786 Dieneo
857 721 926 784 loeo
951 720 1165 804 supplendum
1186 719 1279 784 nobis
1300 719 1426 782 videtur

253 834 458 917 participium
484 829 708 911 ἐξειλεγμένους
731 834 782 898 vel
813 833 918 898 simile
942 833 1044 918 quid).
1066 833 1163 917 Apud
1177 830 1425 897 Demosthenem

252 949 381 1030 saepius
405 946 431 1011 οἱ
455 944 539 1027 ποιρά
563 970 641 1020 τινος
664 945 807 1027 πρέσβεις
826 954 1002 1012 occurrunt
1014 948 1053 1032 (e.
1066 970 1095 1031 g.
1109 949 1141 1030 2,
1156 947 1210 1031 12)
1222 970 1229 1026 ;
1243 946 1281 1009 et
1295 965 1426 1030 quoque

251 1060 413 1143 Aristoph.
458 1061 595 1124 Aobarn.
630 1062 689 1124 61:
725 1061 751 1124 οἱ
785 1059 926 1141 πρέσβεις
960 1061 985 1125 οἱ
1022 1059 1105 1141 πυρά
1141 1059 1294 1138 βασιλέως
1328 1064 1425 1143 atque

252 1172 364 1254 Polyb.
392 1172 460 1257 (18,
484 1173 538 1256 42,
565 1175 599 1253 1;
626 1175 680 1258 23,
704 1176 735 1258 3,
762 1175 797 1237 l:
823 1175 877 1258 24,
901 1176 932 1258 9,
958 1175 1021 1259 12).
1044 1175 1247 1256 Thucydides
1260 1174 1306 1258 (4,
1319 1174 1424 1257 83,4;

254 1288 284 1370 7,
310 1287 362 1369 10,
388 1286 420 1370 1)
452 1288 569 1351 omittit
593 1287 832 1352 substantivum
857 1289 933 1352 dum
958 1289 1103 1373 loquitur
1127 1289 1166 1352 de
1189 1289 1303 1374 legatis
1327 1289 1385 1372 qui
1408 1307 1426 1350 a

256 1402 394 1486 quodam
421 1402 512 1465 missi
536 1407 614 1466 sunt
637 1401 714 1485 (τοῖς
738 1400 821 1482 ποορά
845 1403 945 1487 τινος).

298 1516 426 1599 57,17,
451 1517 579 1587 9ετοοῖς
611 1515 886 1596 πρεσβείαις
909 1523 978 1589 τοοῒς
1003 1516 1087 1596 ποορά
1111 1519 1168 1580 τῶν
1194 1514 1308 1579 πάλειον
1332 1513 1348 1587 ἢ
1374 1514 1425 1578 aa}

254 1631 311 1692 τῶν
343 1628 424 1692 ε’άνῶν
447 1627 586 1692 οὐδέποτε
609 1627 694 1706 μόνος
718 1627 924 1710 ἐχρημάτιζεν
948 1632 1016 1710 (ie.
1041 1629 1255 1714 legationibus
1279 1647 1362 1713 quae
1386 1628 1425 1692 ab

255 1742 389 1807 urbibus
413 1744 464 1807 vel
488 1763 507 1806 a
530 1744 703 1826 provinciis
727 1747 845 1810 missae
867 1750 967 1826 erant,
990 1764 1158 1828 nunquam
1183 1744 1272 1808 solus
1296 1761 1426 1826 respon-

254 1876 326 1920 sum
350 1856 465 1936 dabat).

299 1971 352 2053 68,
385 1971 437 2054 17,
468 1972 505 2034 2;
544 1967 692 2049 πρεσβείου
716 1970 798 2049 οοῦτῷ
822 1970 949 2034 ἐντοοῖιάν
974 1969 1058 2050 ποορά
1082 1972 1135 2033 τοῦ
1158 1968 1275 2049 Ὀρράου
1299 1968 1427 2047 ἐνέτυχε

252 2083 381 2167 (legatio
423 2082 462 2147 ab
507 2081 617 2164 Osroe,
658 2082 853 2148 Parthorum
888 2102 973 2166 rege,
1007 2082 1148 2166 profecta
1182 2081 1327 2164 Traiano,
1351 2085 1425 2144 enm

254 2196 401 2261 Athenas
424 2197 575 2279 venisset,
595 2197 754 2276 occurrit).

298 2309 358 2375 Rei
392 2310 578 2374 notissimae
612 2308 760 2393 exempla
795 2309 906 2373 afferre
936 2310 994 2371 vix
1017 2328 1149 2373 neeesse
1173 2309 1308 2373 videtur.
1332 2307 1427 2372 Suffi-

255 2425 342 2487 ciant
383 2421 534 2488 Dinareh.
576 2422 603 2486 I.
638 2423 695 2486 18:
732 2423 787 2496 τὴν
823 2422 878 2500 μὲν
914 2422 985 2502 παρ’
1021 2420 1227 2498 Ἀντιπάτρου
1263 2419 1428 2502 πρεσβείων

252 2533 409 2617 άπροοκτον
440 2535 695 2610 άποστειλάντνον,
720 2538 774 2611 τὴν
796 2537 828 2600 δὲ
853 2535 938 2616 ποορά
963 2535 1105 2614 Θνβοιίων
1120 2585 1126 2596 .
1142 2584 1148 2596 .
1165 2585 1193 2600 ..
1219 2531 1426 2616 προσδεξάμε-

254 2652 475 2731 oev,Aescbin.
499 2649 541 2713 Π.
563 2651 642 2714 109;
663 2649 705 2729 τῷ
729 2649 831 2729 κάρυκι
854 2649 906 2713 aa>
928 2658 965 2730 τῇ
988 2648 1072 2730 ποορά
1094 2648 1253 2713 Φιλίππου
1266 2646 1426 2730 πρεσβείᾳ.

300 2765 353 2847 71,
377 2765 430 2848 20,
456 2765 491 2827 l:
516 2762 806 2842 οούτομάλους
831 2763 902 2843 παρ’
927 2763 1025 2827 αὐτῶν
1049 2761 1102 2827 aeti
1126 2761 1428 2843 οιῖχμοολάτονςτῶν

255 2876 406 2959 σφετέρων
431 2876 561 2950 πολλοὺς
585 2876 768 2956 ὑπεδέχοντο
792 2878 1004 2962 (quamquam
1029 2879 1220 2942 inconcinne
1239 2878 1360 2942 factum
1380 2884 1429 2941 est

254 2992 422 3057 exordium
436 2992 575 3056 huinsoe
586 2991 765 3075 fragmenti,
778 2993 946 3056 constatni
958 2991 1050 3054 fallor
1061 2993 1329 3075 praepositionem
1344 2988 1428 3070 τυροὶ

257 3111 366 3170 nostro
386 3105 456 3169 loeo
469 3105 725 3189 coniungendam
740 3124 810 3170 esse
823 3125 897 3168 eum
911 3105 1115 3170 substantivo
1127 3104 1324 3183 αὐτομόλους,
1337 3107 1381 3168 ita
1392 3110 1430 3168 ut

255 3219 373 3284 locutio
401 3219 560 3304 significet
583 3219 767 3303 transfugas
790 3220 862 3283 illos
887 3221 943 3303 qui
967 3218 1006 3283 ab
1030 3221 1070 3284 iis
1091 3219 1241 3303 ingerant
1264 3221 1333 3283 sive
1357 3239 1427 3303 pro·

255 3334 328 3398 fecti
364 3339 471 3416 erant;
497 3333 630 3399 verbnm
653 3335 764 3417 itaque
787 3333 884 3398 eundi
909 3335 977 3398 sive
1002 3334 1153 3398 veniendi
1176 3335 1333 3397 omissum
1357 3332 1428 3416 est).

254 3448 344 3514 Idem
373 3449 457 3514 valet
481 3449 520 3513 de
543 3449 613 3512 loeo
636 3446 673 3510 fr.
693 3449 747 3531 36,
774 3448 825 3529 10,
851 3447 907 3510 nbi
926 3448 1118 3531 praepositio
1145 3446 1229 3526 πυροὶ
1251 3467 1325 3510 oum
1351 3445 1427 3511 sub-

257 3564 396 3627 stantivo
416 3562 527 3642 κήρυκοο
540 3561 766 3645 coniungenda
779 3561 915 3643 videtur,
927 3581 1123 3644 quamquam
1136 3579 1213 3626 sane
1225 3561 1428 3645 aliquatenus

256 3696 330 3740 aum
355 3675 452 3740 verbo
478 3672 698 3755 προσδέχεσθαι
723 3676 879 3738 cohaeret.

300 3787 375 3853 Duo
410 3793 487 3853 sunt
520 3789 582 3852 looi
616 3788 671 3852 ubi
715 3785 970 3868 γράμμοιτοο
1005 3785 1089 3868 τοιρά
1123 3810 1200 3860 τινος
1235 3793 1427 3852 occurrunt:

261 3904 314 3986 ss,
336 3905 368 3986 o,
389 3902 408 3966 5
432 3907 463 3968 et
487 3903 540 3985 41,
567 3903 596 3986 1,
623 3903 660 3982 1;

303 4018 356 4101 58,
393 4019 424 4099 9,
459 4016 497 4080 5;
533 4013 710 4095 μράμμοοτοο
744 4015 829 4096 ποιρά
863 4019 915 4080 τοῦ
952 4013 1092 4095 Τιβερίου
1128 4014 1202 4095 γέρον
1233 4015 1301 4079 τινά
1325 4016 1429 4088 αὐτοῖς

259 4130 378 4196 διδάντοι
402 4128 501 4212 Φέρειν
525 4127 639 4210 Φάσοος.

303 4245 357 4328 41,
384 4245 413 4327 l,
439 4245 474 4306 l:
499 4240 676 4323 γράμμοιτοο
700 4241 785 4322 ποορά
808 4246 861 4307 τοῦ
881 4239 1027 4322 Κοάσοιρος
1049 4242 1119 4322 πρὸς
1131 4242 1186 4316 τὴν
1198 4241 1312 4320 βουλὴν
1325 4242 1430 4321 λαβὼν

261 4353 346 4432 ἦλθεν
369 4359 399 4430 ἐς
422 4357 477 4430 τὴν
501 4355 636 4434 Ῥώμην.
652 4405 658 4418 .
674 4404 681 4418 .
698 4406 704 4417 .

306 4471 449 4555 Utroque
472 4470 542 4533 loeo
567 4472 833 4553 praepositionem
857 4468 940 4550 ποιροὶ
953 4489 1027 4534 oum
1040 4469 1242 4534 substantivo
1255 4468 1430 4551 γράμμοιτοι
